
@online{_,
  title = {Alwintsui - {{Overview}}},
  url = {https://github.com/alwintsui},
  urldate = {2020-06-18},
  langid = {english},
  organization = {{GitHub}}
}

@online{_mengChaoHeng,
  title = {mengchaoheng - {{Overview}}},
  url={https://github.com/mengchaoheng/SCUT_thesis},
  urldate = {2020-06-18},
  langid = {english},
  organization = {{GitHub}}
}

@online{_a,
  title = {Yecfly - {{Overview}}},
  url = {https://github.com/yecfly},
  urldate = {2020-06-18},
  langid = {english},
  organization = {{GitHub}}
}

@online{_c,
  title = {一份其实很短的 LaTeX 入门文档},
  url = {https://liam.page/2014/09/08/latex-introduction/index.html},
  urldate = {2020-06-18},
  langid = {pinyin},
  organization = {{始终}}
}

@online{_d,
  title = {莲枝专栏--关于 Hyperref 的二三事 - {{LaTeX科技排版工作室}}},
  url = {https://www.latexstudio.net/archives/4800.html},
  urldate = {2020-06-20}
}

@online{_e,
  title = {[转载]{{LaTeX技巧心得246}}：latex目录标题常用宏包说明与示例\_天外天\_新浪博客},
  url = {http://blog.sina.com.cn/s/blog_46e9834e0100hzio.html},
  urldate = {2020-06-20}
}

@online{_g,
  title = {{{CTAN}}: {{Package}} Lshort-Zh-Cn},
  url = {https://ctan.org/pkg/lshort-zh-cn},
  urldate = {2020-06-18}
}

@online{_h,
  title = {Mathpix {{Snip}}},
  url = {https://mathpix.com/},
  urldate = {2020-06-18}
}

@online{_i,
  title = {Overleaf, 在线LaTeX编辑器},
  url = {https://www.overleaf.com},
  urldate = {2020-06-21},
  langid = {pinyin}
}

@online{_j,
  title = {Overleaf, {{在线LaTeX编辑器}}},
  url = {https://cn.overleaf.com/},
  urldate = {2020-06-21}
}

@online{_k,
  title = {Struggle\_with\_me的个人空间 - 哔哩哔哩 ( ゜- ゜)つロ 乾杯\textasciitilde{} {{Bilibili}}},
  url = {https://space.bilibili.com/452736484?from=search&seid=12208069428001748893},
  urldate = {2020-06-18}
}

@online{_l,
  title = {{{xeCJK宏包指南}}~- 百度文库},
  url = {https://wenku.baidu.com/view/0b3e53abdd3383c4bb4cd267.html},
  urldate = {2020-06-20}
}

@online{_m,
  title = {Zotero | {{Downloads}}},
  url = {https://www.zotero.org/download/},
  urldate = {2020-06-18}
}

@article{Abdessameud_2010,
  title = {Global Trajectory Tracking Control of {{VTOL}}-{{UAVs}} without Linear Velocity Measurements},
  author = {Abdessameud, Abdelkader and Tayebi, Abdelhamid},
  date = {2010},
  journaltitle = {Automatica},
  volume = {46},
  pages = {1053--1059},
  publisher = {{Elsevier}},
  number = {6}
}

@online{Abdul-Adheem_,
  title = {On {{The Active Input Output Feedback Linearization}} of {{Single Link Flexible Joint Manipulator}}, {{An Extended State Observer Approach}}. {{arXiv}} 2018},
  author = {Abdul-Adheem, W. R. and Ibraheem, I. K.},
  archivePrefix = {arXiv},
  eprint = {1805.00222},
  eprinttype = {arxiv}
}

@article{Aboudonia_2018,
  title = {Composite Hierarchical Anti-Disturbance Control of a Quadrotor {{UAV}} in the Presence of Matched and Mismatched Disturbances},
  author = {Aboudonia, Ahmed and Rashad, Ramy and El-Badawy, Ayman},
  date = {2018},
  journaltitle = {Journal of Intelligent \& Robotic Systems},
  volume = {90},
  pages = {201--216},
  publisher = {{Springer}},
  number = {1-2}
}

@inproceedings{Acquatella_2012,
  title = {Robust {{Nonlinear Spacecraft Attitude Control}} Using {{Incremental Nonlinear Dynamic Inversion}}},
  author = {Acquatella, Paul and Falkena, Wouter and van Kampen, Erik-Jan and Chu, Q. Ping},
  date = {2012},
  eventtitle = {{{AIAA Guidance}}, {{Navigation}}, and {{Control Conference}}},
  options = {useprefix=true}
}

@article{Acquatella_2017,
  title = {Pi (d) Tuning for Flight Control Systems via Incremental Nonlinear Dynamic Inversion},
  author = {Acquatella, Paul and van Ekeren, Wim and Chu, Qi Ping},
  date = {2017},
  journaltitle = {IFAC-PapersOnLine},
  volume = {50},
  pages = {8175--8180},
  publisher = {{Elsevier}},
  number = {1},
  options = {useprefix=true}
}

@article{Ahmadi_2011,
  ids = {ahmadiHoveringForwardFlight2011},
  title = {Hovering and {{Forward Flight Control}} of a {{Ducted Fan Unmanned Aerial Vehicle Based}} on {{PID Control}}},
  author = {Ahmadi, Mohammad Saleh and Manouchehri, Afshin},
  date = {2011}
}

@inproceedings{Altug_2002,
  title = {Control of a Quadrotor Helicopter Using Visual Feedback},
  booktitle = {Proceedings 2002 {{IEEE International Conference}} on {{Robotics}} and {{Automation}} ({{Cat}}. {{No}}. {{02CH37292}})},
  author = {Altug, Erdinc and Ostrowski, James P. and Mahony, Robert},
  date = {2002},
  volume = {1},
  pages = {72--77},
  publisher = {{IEEE}}
}

@online{Aminzailagunawang_,
  title = {在Xelatex使用 CJKnumber @ Amin's Note :: 痞客邦 ::},
  shorttitle = {在Xelatex使用 CJKnumber @ Amin's Note},
  author = {Aminzai (lagunawang)},
  url = {http://lagunawang.pixnet.net/blog/post/27892698},
  urldate = {2020-06-20},
  langid = {pinyin},
  organization = {{Amin's Note}}
}

@article{Argha_2019,
  ids = {arghaControlAllocationbasedFault2019},
  title = {Control Allocation-Based Fault Tolerant Control},
  author = {Argha, Ahmadreza and Su, Steven W. and Celler, Branko G.},
  date = {2019},
  journaltitle = {Automatica},
  volume = {103},
  pages = {408--417},
  issn = {00051098}
}

@article{Argha_2019a,
  ids = {arghaStaticOutputFeedback2019},
  title = {Static Output Feedback Fault Tolerant Control Using Control Allocation Scheme},
  author = {Argha, Ahmadreza and Su, Steven W. and Celler, Branko G. \%J International Journal of Robust and Nonlinear Control},
  date = {2019},
  volume = {29},
  pages = {98--116},
  issn = {1049-8923},
  number = {1}
}

@inproceedings{Argyle_2013,
  title = {The Vertical Bat Tail-Sitter: Dynamic Model and Control Architecture},
  shorttitle = {The Vertical Bat Tail-Sitter},
  booktitle = {2013 {{American Control Conference}}},
  author = {Argyle, Matthew E. and Beard, Randal W. and Morris, Stephen},
  date = {2013},
  pages = {806--811},
  publisher = {{IEEE}}
}

@inproceedings{Aruneshwaran_2013,
  title = {Neural Adaptive Flight Controller for Ducted-Fan {{UAV}} Performing Nonlinear Maneuver},
  booktitle = {2013 {{IEEE Symposium}} on {{Computational Intelligence}} for {{Security}} and {{Defense Applications}} ({{CISDA}})},
  author = {Aruneshwaran, R. and Suresh, S. and Wang, Jianliang and Venugopalan, T. K.},
  date = {2013},
  pages = {51--56},
  publisher = {{IEEE}},
  location = {{Singapore}}
}

@inproceedings{Baggi_2020,
  title = {Dynamic {{Control Allocation}} for a {{Class}} of {{Over}}-Actuated {{Aircraft}}},
  booktitle = {{{AIAA Scitech}} 2020 {{Forum}}},
  author = {Baggi, Raffaele and Franco, Elisa and Serrani, Andrea},
  date = {2020},
  publisher = {{AIAA}},
  location = {{Orlando}}
}

@inproceedings{Banazadeh_2014,
  title = {Control Effectiveness Investigation of a Ducted-Fan Aerial Vehicle Using Model Predictive Controller},
  booktitle = {Proceedings of the 2014 {{International Conference}} on {{Advanced Mechatronic Systems}}},
  author = {Banazadeh, Afshin and Emami, Seyyed Ali},
  date = {2014},
  pages = {532--537},
  publisher = {{IEEE}},
  location = {{Kumamoto, Japan}}
}

@inproceedings{Barthelmes_2017,
  ids = {Barthelmes\_2017a},
  title = {An All-Terrain-Controller for over-Actuated Wheeled Mobile Robots with Feedforward and Optimization-Based Control Allocation},
  booktitle = {2017 {{IEEE}} 56th {{Annual Conference}} on {{Decision}} and {{Control}} ({{CDC}})},
  author = {Barthelmes, Stefan and Zehnter, Sebastian},
  date = {2017},
  pages = {5215--5222},
  publisher = {{IEEE}},
  location = {{Melbourne, Australia}},
  isbn = {1-5090-2873-0}
}

@thesis{Beck_2002,
  ids = {beckApplicationControlAllocation2002},
  title = {Application of Control Allocation Methods to Linear Systems with Four or More Objectives},
  author = {Beck, Roger Ezekiel},
  date = {2002},
  institution = {{Virginia Tech}}
}

@inproceedings{Besnard_2007,
  title = {Control of a Quadrotor Vehicle Using Sliding Mode Disturbance Observer},
  booktitle = {2007 {{American Control Conference}}},
  author = {Besnard, Lenaick and Shtessel, Yuri B. and Landrum, Brian},
  date = {2007},
  pages = {5230--5235},
  publisher = {{IEEE}}
}

@article{Besnard_2012,
  title = {Quadrotor Vehicle Control via Sliding Mode Controller Driven by Sliding Mode Disturbance Observer},
  author = {Besnard, Lénaïck and Shtessel, Yuri B. and Landrum, Brian},
  date = {2012},
  journaltitle = {Journal of the Franklin Institute},
  volume = {349},
  pages = {658--684},
  publisher = {{Elsevier}},
  number = {2}
}

@inproceedings{Binetti_2007,
  title = {Flight {{Control System}} of the {{HoverEye VTOL UAV}}},
  booktitle = {Platform {{Innovations}} and {{System Integration}} for {{Unmanned Air}}, {{Land}} and {{Sea Vehicles}}},
  author = {Binetti, Paolo and Daniel, Trouchet and Pollini, Lorenzo and Innocenti, Mario and Hamel, Tarek},
  date = {2007},
  volume = {1},
  pages = {100--112},
  publisher = {{NATO-RTO-AC/323 (AVT-093) TP/102}}
}

@report{Binetti_2007a,
  ids = {binettiFlightControlSystem2007},
  title = {The {{Flight Control System}} of the {{Hovereye}}® {{VTOL UAV}}},
  author = {Binetti, Paolo and Trouchet, Daniel and Innocenti, Mario},
  date = {2007},
  location = {{Florence}},
  series = {Platform {{Innovations}} and {{System Integration}} for {{Unmanned Air}}, {{Land}} and {{Sea Vehicles Symposium}}}
}

@online{Bodie_2019,
  title = {An Omnidirectional Aerial Manipulation Platform for Contact-Based Inspection},
  author = {Bodie, Karen and Brunner, Maximilian and Pantic, Michael and Walser, Stefan and Pfändler, Patrick and Angst, Ueli and Siegwart, Roland and Nieto, Juan},
  date = {2019},
  archivePrefix = {arXiv},
  eprint = {1905.03502},
  eprinttype = {arxiv}
}

@article{Bodson_2002,
  ids = {bodsonEvaluationOptimizationMethods2002},
  title = {Evaluation of {{Optimization Methods}} for {{Control Allocation}}},
  author = {Bodson, Marc},
  date = {2002},
  journaltitle = {Journal of Guidance, Control, and Dynamics},
  volume = {25},
  pages = {703--711},
  issn = {0731-5090 1533-3884},
  number = {4}
}

@article{Bolender_2004,
  ids = {bolenderNonlinearControlAllocation2004,bolenderNonlinearControlAllocation2004b},
  title = {Nonlinear Control Allocation Using Piecewise Linear Functions},
  author = {Bolender, Michael A. and Doman, David B.},
  date = {2004},
  journaltitle = {Journal of Guidance, Control, and Dynamics},
  volume = {27},
  pages = {1017--1027},
  issn = {0731-5090},
  number = {6}
}

@thesis{Bolling_1997,
  ids = {bollingImplementationConstrainedControl1997},
  title = {Implementation of Constrained Control Allocation Techniques Using an Aerodynamic Model of an F-15 Aircraft},
  author = {Bolling, John Glenn},
  date = {1997},
  institution = {{Virginia Tech}}
}

@article{BonyanKhamseh_2018,
  title = {Aerial Manipulation—{{A}} Literature Survey},
  author = {Bonyan Khamseh, Hossein and Janabi-Sharifi, Farrokh and Abdessameud, Abdelkader},
  date = {2018-09},
  journaltitle = {Robotics and Autonomous Systems},
  shortjournal = {Robotics and Autonomous Systems},
  volume = {107},
  pages = {221--235},
  issn = {09218890},
  url = {https://linkinghub.elsevier.com/retrieve/pii/S0921889017305535},
  urldate = {2020-07-26},
  langid = {english}
}

@article{Bordingnon_1995,
  ids = {bordingnonClosedformSolutionsConstrained1995,bordingnonClosedformSolutionsConstrained1995b},
  title = {Closed-Form Solutions to Constrained Control Allocation Problem},
  author = {Bordingnon, Kenneth A. and Durham, Wayne C.},
  date = {1995},
  journaltitle = {Journal of Guidance, Control, and Dynamics},
  volume = {18},
  pages = {1000--1007},
  issn = {0731-5090 1533-3884},
  number = {5}
}

@inproceedings{Bouabdallah_2004,
  title = {Design and Control of an Indoor Micro Quadrotor},
  booktitle = {{{IEEE International Conference}} on {{Robotics}} and {{Automation}}, 2004. {{Proceedings}}. {{ICRA}}'04. 2004},
  author = {Bouabdallah, Samir and Murrieri, Pierpaolo and Siegwart, Roland},
  date = {2004},
  volume = {5},
  pages = {4393--4398},
  publisher = {{IEEE}},
  location = {{New Orleans, LA. USA}}
}

@book{Boyd_2004,
  ids = {boydConvexOptimization2004},
  title = {Convex Optimization},
  author = {Boyd, Stephen and Boyd, Stephen P. and Vandenberghe, Lieven},
  date = {2004},
  publisher = {{Cambridge university press}},
  isbn = {0-521-83378-7}
}

@book{Boyd_2004a,
  title = {Convex Optimization},
  author = {Boyd, Stephen P. and Vandenberghe, Lieven},
  date = {2004},
  publisher = {{Cambridge University Press}},
  location = {{Cambridge, UK ; New York}},
  isbn = {978-0-521-83378-3},
  langid = {english},
  pagetotal = {716}
}

@online{Boyux_2015,
  title = {XeLaTeX 中文编号},
  author = {{Boyux}},
  date = {2015-02-07T15:01:19+00:00},
  url = {https://boyux.com/2015/02/07/xelatex-%e4%b8%ad%e6%96%87%e7%bc%96%e5%8f%b7/},
  urldate = {2020-06-20},
  langid = {pinyin},
  organization = {{Boyux}}
}

@inproceedings{Brescianini_2016,
  ids = {brescianiniDesignModelingControl2016a},
  title = {Design, Modeling and Control of an Omni-Directional Aerial Vehicle},
  author = {Brescianini, Dario and D'Andrea, Raffaello},
  date = {2016},
  pages = {3261--3266},
  publisher = {{IEEE}},
  eventtitle = {2016 {{IEEE}} International Conference on Robotics and Automation ({{ICRA}})},
  isbn = {1-4673-8026-1}
}

@article{Buffington_1996,
  ids = {buffingtonLyapunovStabilityAnalysis1996,buffingtonLyapunovStabilityAnalysis1996b},
  title = {Lyapunov Stability Analysis of Daisy Chain Control Allocation},
  author = {Buffington, James M. and Enns, Dale F.},
  date = {1996},
  journaltitle = {Journal of Guidance, Control, and Dynamics},
  volume = {19},
  pages = {1226--1230},
  issn = {0731-5090 1533-3884},
  number = {6}
}

@inproceedings{Buffington_1997,
  ids = {buffingtonTaillessAircraftControl1997},
  title = {Tailless Aircraft Control Allocation},
  booktitle = {Guidance, {{Navigation}}, \& {{Control Conference}}},
  author = {Buffington, James},
  date = {1997},
  publisher = {{AIAA}},
  location = {{New Orleans, Louisiana}}
}

@inproceedings{Cakiroglu_2018,
  title = {Robust {{Incremental Nonlinear Dynamic Inversion Control Using Angular Accelerometer Feedback}}},
  author = {Cakiroglu, Can and Van Kampen, Erik-Jan and Chu, Q. Ping},
  date = {2018},
  eventtitle = {2018 {{AIAA Guidance}}, {{Navigation}}, and {{Control Conference}}}
}

@thesis{CaoJing_2017,
  title = {小型无人直升机发动机转速控制器设计},
  author = {曹景},
  date = {2017},
  institution = {{华南理工大学}},
  langid = {中文;}
}

@thesis{CaoYu_2013,
  title = {无人机非线性自抗扰控制方法研究},
  author = {曹宇},
  date = {2013},
  institution = {{哈尔滨工业大学}},
  langid = {中文;}
}

@article{Carpenter_1958,
  title = {Lift and {{Profile}}-Drag {{Characteristics}} of an {{NACA}} 0012 {{Airfoil Section}} as {{Derived}} from {{Measured Helicopter}}-Rotor {{Hovering Performance}}},
  author = {Carpenter, Paul J.},
  date = {1958}
}

@inproceedings{Castillo_2004,
  title = {Stabilization of a Mini-Rotorcraft Having Four Rotors},
  booktitle = {2004 {{IEEE}}/{{RSJ International Conference}} on {{Intelligent Robots}} and {{Systems}} ({{IROS}})({{IEEE Cat}}. {{No}}. {{04CH37566}})},
  author = {Castillo, Pedro and Lozano, Rogelio and Dzul, Alejandro},
  date = {2004},
  volume = {3},
  pages = {2693--2698},
  publisher = {{IEEE}},
  location = {{Sendai, Japan}}
}

@thesis{CengYu_2017,
  title = {四旋翼无人机的姿态解算及自抗扰控制},
  author = {曾雨},
  date = {2017},
  institution = {{东北大学}},
  langid = {中文;}
}

@article{Charlet_1989,
  title = {On Dynamic Feedback Linearization},
  author = {Charlet, Bernard and Lévine, Jean and Marino, Riccardo},
  date = {1989},
  journaltitle = {Systems \& Control Letters},
  volume = {13},
  pages = {143--151},
  publisher = {{Elsevier}},
  number = {2}
}

@article{Chen_2018,
  title = {Numerical Investigations of Ducted Fan Aerodynamic Performance with Tip-Jet},
  author = {Chen, Jie and Li, Lei and Huang, Guoping and Xiang, Xin},
  date = {2018-07},
  journaltitle = {Aerospace Science and Technology},
  shortjournal = {Aerospace Science and Technology},
  volume = {78},
  pages = {510--521},
  issn = {12709638},
  url = {https://linkinghub.elsevier.com/retrieve/pii/S1270963817322447},
  urldate = {2020-07-26},
  langid = {english}
}

@article{Chen_2019,
  ids = {chenDynamicCharacteristicsStability2019},
  title = {On Dynamic Characteristics and Stability Analysis of the Ducted Fan Unmanned Aerial Vehicles},
  author = {Chen, Cheng and Dong, Tiantian and Fu, Weijie and Liu, Na},
  date = {2019},
  journaltitle = {International Journal of Advanced Robotic Systems},
  volume = {16},
  issn = {1729-8814 1729-8814},
  number = {4}
}

@article{Chen_2020a,
  title = {四旋翼飞行器串级自抗扰姿态控制方法研究},
  author = {陈, 志旺 and 李, 博 and 张, 忠新 and 宋, 娟 and 彭, 勇},
  date = {2020},
  journaltitle = {小型微型计算机系统},
  volume = {41},
  pages = {625--630},
  issn = {1000-1220},
  url = {https://kns.cnki.net/kcms/detail/detail.aspx?dbcode=CJFD&dbname=CJFDLAST2020&filename=XXWX202003031&v=vqr7qLa%25mmd2B90fIryxGYPfhrbtmhk4oZVbcHnb7jYk69EvHIJcQa2lLbLJJnx2FM9%25mmd2BX},
  urldate = {2020-12-02},
  langid = {中文;},
  number = {03}
}

@thesis{ChenBin_2010,
  title = {机载激光测量系统设计与实现},
  author = {陈镔},
  date = {2010},
  institution = {{华南理工大学}},
  langid = {中文;}
}

@thesis{ChenDongXu_2011,
  title = {无人直升机电源管理与设备监控系统的研究与设计},
  author = {陈东旭},
  date = {2011},
  institution = {{华南理工大学}},
  langid = {中文;}
}

@thesis{ChengZiXiao_2016,
  title = {四旋翼飞行器飞行控制系统的研究与设计},
  author = {程子啸},
  date = {2016},
  institution = {{华南理工大学}},
  langid = {中文;}
}

@thesis{ChenHongRun_2019,
  title = {小型无人直升机导航定位系统设计与实现},
  author = {陈宏润},
  date = {2019},
  institution = {{华南理工大学}},
  langid = {中文;}
}

@thesis{ChenLinQi_2019,
  title = {基于自抗扰算法的四旋翼无人机控制系统研究},
  author = {陈林奇},
  date = {2019},
  institution = {{广西师范大学}},
  langid = {中文;}
}

@thesis{ChenWenWen_2008,
  title = {船舶航向非线性系统自抗扰控制器的仿真研究},
  author = {陈文文},
  date = {2008},
  institution = {{山东大学}},
  langid = {中文;}
}

@thesis{ChenXingYuan_2016,
  title = {融合Camshift和粒子滤波算法的云台目标跟踪系统设计},
  author = {陈杏源},
  date = {2016},
  institution = {{华南理工大学}},
  langid = {中文;}
}

@thesis{ChenYuanXuan_2010,
  title = {高精度姿态测量平台的设计与实现},
  author = {陈远炫},
  date = {2010},
  institution = {{华南理工大学}},
  langid = {中文;}
}

@thesis{ChenZheXian_2010,
  title = {开放式数控系统通信研究与在自动换刀系统中的应用},
  author = {陈哲衔},
  date = {2010},
  institution = {{华南理工大学}},
  langid = {中文;}
}

@inproceedings{Choi_2008,
  ids = {choiEfficientControlTorque2008},
  title = {Efficient Control Torque Distribution Approach for Spacecraft Attitude Control},
  author = {Choi, Yoonhyuk and Leeghim, Henzeh and Bang, Hyochoong},
  date = {2008},
  pages = {7234},
  eventtitle = {{{AIAA Guidance}}, {{Navigation}} and {{Control Conference}} and {{Exhibit}}}
}

@inproceedings{Choi_2011,
  title = {Mathematical {{Modeling}} of a {{Small Scale Ducted}}-{{Fan UAV}}},
  booktitle = {{{AIAA Modeling}} and {{Simulation Technologies Conference}}},
  author = {Choi, Youn Han and Hong, Sanghwee and Suk, Jinyoung and Jang, Ji Sung and Lee, Duckjoo},
  date = {2011},
  publisher = {{AIAA}},
  location = {{Portland, Oregon}},
  url = {http://arc.aiaa.org/doi/10.2514/6.2011-6519},
  urldate = {2020-05-26},
  isbn = {978-1-62410-154-0},
  langid = {english}
}

@thesis{CongWei_2013,
  title = {涵道风扇的气动特性与优化研究},
  author = {丛伟},
  date = {2013},
  institution = {{南昌航空大学}},
  langid = {中文;}
}

@article{CuiWenQing_,
  title = {用PID控制近似线性自抗扰控制},
  author = {崔文庆 and 王雨桐 and 谭文},
  journaltitle = {控制理论与应用},
  pages = {1--8},
  issn = {1000-8152},
  langid = {中文}
}

@thesis{CuiYongShan_2006,
  title = {自抗扰控制器设计方法应用研究},
  author = {崔永山},
  date = {2006},
  institution = {{哈尔滨工业大学}},
  langid = {中文;}
}

@thesis{Dai_2020,
  title = {四旋翼飞行器的姿态平台设计及其控制},
  author = {戴, 刘伟},
  date = {2020},
  institution = {{燕山大学}},
  url = {https://kns.cnki.net/KNS8/Detail?sfield=fn&QueryID=0&CurRec=1&recid=&FileName=1020342583.nh&DbName=CMFDTEMP&DbCode=CMFD&yx=&pr=&URLID=},
  urldate = {2020-12-02},
  langid = {中文;}
}

@thesis{DangMengLin_2013,
  title = {机载激光地形测绘系统的误差来源分析及消除方法},
  author = {党梦林},
  date = {2013},
  institution = {{华南理工大学}},
  langid = {中文;}
}

@article{Das_2018,
  title = {Dynamic Inversion Control of Quadrotor with a Suspended Load},
  author = {Das, Hemjyoti},
  date = {2018},
  journaltitle = {IFAC-PapersOnLine},
  volume = {51},
  pages = {172--177},
  publisher = {{Elsevier}},
  number = {1}
}

@article{deAlmeida_2016,
  ids = {dealmeidaRobustOfflineControl2016,dealmeidaRobustOfflineControl2016b},
  title = {Robust Off-Line Control Allocation},
  author = {de Almeida, Fabio A.},
  date = {2016},
  journaltitle = {Aerospace Science and Technology},
  volume = {52},
  pages = {1--9},
  issn = {12709638},
  options = {useprefix=true}
}

@report{Decuypere_2007,
  title = {Platform {{Innovations}} and {{System Integration}} for {{Unmanned Air}}, {{Land}} and {{Sea Vehicles Symposium}}. {{Technical Evaluation Report}}},
  author = {Decuypere, Roland and Selegan, David},
  date = {2007},
  institution = {{ROYAL MILITARY ACADEMY BRUSSELS (BELGIUM)}}
}

@article{Deng_2020,
  title = {Aerodynamic Performance Assessment of a Ducted Fan {{UAV}} for {{VTOL}} Applications},
  author = {Deng, Shuanghou},
  date = {2020},
  journaltitle = {Aerospace Science and Technology},
  pages = {9},
  langid = {english}
}

@article{Deng_2020a,
  title = {Aerodynamic Performance Assessment of a Ducted Fan {{UAV}} for {{VTOL}} Applications},
  author = {Deng, Shuanghou and Wang, Siwei and Zhang, Zheng},
  date = {2020-08-01},
  journaltitle = {Aerospace Science and Technology},
  shortjournal = {Aerospace Science and Technology},
  volume = {103},
  pages = {105895},
  issn = {1270-9638},
  url = {http://www.sciencedirect.com/science/article/pii/S1270963820305770},
  urldate = {2020-09-06},
  langid = {english}
}

@inproceedings{deVries_2019,
  title = {Reinforcement {{Learning}}-Based {{Control Allocation}} for the {{Innovative Control Effectors Aircraft}}},
  author = {de Vries, Pieter S. and Van Kampen, Erik-Jan},
  date = {2019},
  eventtitle = {{{AIAA Scitech}} 2019 {{Forum}}},
  options = {useprefix=true}
}

@inproceedings{DiFrancesco_2014,
  title = {Incremental {{Nonlinear Dynamic Inversion}} and {{Control Allocation}} for a {{Tilt Rotor UAV}}},
  author = {Di Francesco, Gabriele and Mattei, Massimiliano and D'Amato, Egidio},
  date = {2014},
  eventtitle = {{{AIAA Guidance}}, {{Navigation}}, and {{Control Conference}}}
}

@article{DiFrancesco_2015,
  title = {{{INDI Control}} with {{Direct Lift}} for a {{Tilt Rotor UAV}}},
  author = {Di Francesco, Gabriele and D'Amato, Egidio and Mattei, Massimiliano},
  date = {2015},
  journaltitle = {IFAC-PapersOnLine},
  volume = {48},
  pages = {156--161},
  publisher = {{Elsevier}},
  number = {9}
}

@article{DiFrancesco_2016,
  ids = {difrancescoModelingIncrementalNonlinear2016,difrancescoModelingIncrementalNonlinear2016b},
  title = {Modeling and {{Incremental Nonlinear Dynamic Inversion Control}} of a {{Novel Unmanned Tiltrotor}}},
  author = {Di Francesco, Gabriele and Mattei, Massimiliano},
  date = {2016},
  journaltitle = {Journal of Aircraft},
  volume = {53},
  pages = {73--86},
  issn = {0021-8669 1533-3868},
  number = {1}
}

@thesis{DingJi_2016,
  title = {基于MongoDB的机载LiDAR点云数据的组织与管理},
  author = {丁洁},
  date = {2016},
  institution = {{华南理工大学}},
  langid = {中文;}
}

@article{Dong_2016,
  title = {Time-Varying Formation Tracking for Second-Order Multi-Agent Systems Subjected to Switching Topologies with Application to Quadrotor Formation Flying},
  author = {Dong, Xiwang and Zhou, Yan and Ren, Zhang and Zhong, Yisheng},
  date = {2016},
  journaltitle = {IEEE Transactions on Industrial Electronics},
  volume = {64},
  pages = {5014--5024},
  publisher = {{IEEE}},
  number = {6}
}

@article{Du_2015,
  title = {Controllability Analysis for Multirotor Helicopter Rotor Degradation and Failure},
  author = {Du, Guang-Xun and Quan, Quan and Yang, Binxian and Cai, Kai-Yuan},
  date = {2015},
  journaltitle = {Journal of Guidance, Control, and Dynamics},
  volume = {38},
  pages = {978--985},
  publisher = {{American Institute of Aeronautics and Astronautics}},
  number = {5}
}

@inproceedings{Du_2016,
  title = {Advanced Quadrotor Takeoff Control Based on Incremental Nonlinear Dynamic Inversion and Integral Extended State Observer},
  booktitle = {2016 {{IEEE Chinese Guidance}}, {{Navigation}} and {{Control Conference}} ({{CGNCC}})},
  author = {Du, Han and Pu, Zhiqiang and Yi, Jianqiang and Qian, Hanbo},
  date = {2016},
  pages = {1881--1886},
  publisher = {{IEEE}}
}

@article{DUAN_2013,
  title = {Pendulum-like Oscillation Controller for Micro Aerial Vehicle with Ducted Fan Based on {{LQR}} and {{PSO}}},
  author = {{DUAN} and {HaiBin} and {SUN} and {ChangHao}},
  date = {2013},
  journaltitle = {Science China Technological Sciences},
  pages = {423--429},
  url = {http://www.cnki.com.cn/Article/CJFDTotal-JEXG201302019.htm},
  urldate = {2020-06-06},
  number = {2}
}

@article{Durham_1993,
  ids = {durhamConstrainedControlAllocation1993,durhamConstrainedControlAllocation1993b},
  title = {Constrained Control Allocation},
  author = {Durham, Wayne C.},
  date = {1993},
  journaltitle = {Journal of Guidance, Control, and Dynamics},
  volume = {16},
  pages = {717--725},
  issn = {0731-5090 1533-3884},
  number = {4}
}

@article{Durham_1994,
  ids = {durhamAttainableMomentsConstrained1994,durhamAttainableMomentsConstrained1994b},
  title = {Attainable Moments for the Constrained Control Allocation Problem},
  author = {Durham, Wayne C.},
  date = {1994},
  journaltitle = {Journal of Guidance, Control, and Dynamics},
  volume = {17},
  pages = {1371--1373},
  issn = {0731-5090 1533-3884},
  number = {6}
}

@article{Durham_1994a,
  ids = {durhamConstrainedControlAllocation1994,durhamConstrainedControlAllocation1994b},
  title = {Constrained Control Allocation - {{Three}}-Moment Problem},
  author = {Durham, Wayne C.},
  date = {1994},
  journaltitle = {Journal of Guidance, Control, and Dynamics},
  volume = {17},
  pages = {330--336},
  issn = {0731-5090 1533-3884},
  number = {2}
}

@article{Durham_1999,
  ids = {durhamEfficientNearOptimalControl1999,durhamEfficientNearOptimalControl1999b},
  title = {Efficient, {{Near}}-{{Optimal Control Allocation}}},
  author = {Durham, Wayne C.},
  date = {1999},
  journaltitle = {Journal of Guidance, Control, and Dynamics},
  volume = {22},
  pages = {369--372},
  issn = {0731-5090 1533-3884},
  number = {2}
}

@book{Durham_2017,
  ids = {durhamAircraftControlAllocation2017},
  title = {Aircraft Control Allocation},
  author = {Durham, Wayne and Bordignon, Kenneth A. and Beck, Roger},
  date = {2017},
  publisher = {{John Wiley \& Sons}},
  location = {{none}},
  isbn = {1-118-82779-1}
}

@thesis{Elkhatib_2017,
  ids = {elkhatibControlAllocationTilting2017a,elkhatibControlAllocationTilting2017b},
  title = {Control Allocation of a Tilting Rotor Hexacopter},
  author = {Elkhatib, Omar},
  date = {2017},
  institution = {{ETH Zurich}}
}

@article{Emami_2015,
  title = {Robustness Investigation of a Ducted-Fan Aerial Vehicle Control, Using Linear, Adaptive, and Model Predictive Controllers},
  author = {Emami, Seyyed Ali and Banazadeh, Afshin},
  date = {2015},
  journaltitle = {International Journal of Advanced Mechatronic Systems},
  volume = {6},
  pages = {108--117},
  publisher = {{Inderscience Publishers (IEL)}},
  number = {2-3}
}

@article{Emami_2018,
  ids = {emamiAdaptiveModelPredictive2018},
  title = {Adaptive Model Predictive Control-Based Attitude and Trajectory Tracking of a {{VTOL}} Aircraft},
  author = {Emami, Seyyed Ali and Rezaeizadeh, Amin},
  date = {2018},
  journaltitle = {IET Control Theory \& Applications},
  volume = {12},
  pages = {2031--2042},
  issn = {1751-8644 1751-8652},
  number = {15}
}

@thesis{Emile_2016,
  title = {一款超宽带惯性定位系统},
  author = {Emile, MORANDY Yohann Georges},
  date = {2016},
  institution = {{华南理工大学}},
  langid = {英文;}
}

@article{Falanga_2018,
  title = {The Foldable Drone: {{A}} Morphing Quadrotor That Can Squeeze and Fly},
  shorttitle = {The Foldable Drone},
  author = {Falanga, Davide and Kleber, Kevin and Mintchev, Stefano and Floreano, Dario and Scaramuzza, Davide},
  date = {2018},
  journaltitle = {IEEE Robotics and Automation Letters},
  volume = {4},
  pages = {209--216},
  publisher = {{IEEE}},
  number = {2}
}

@article{Fan_2018,
  title = {Mixed Adaptive Control Architecture for a Novel Coaxial-Ducted-Fan Aircraft under Time-Varying Uncertainties},
  author = {Fan, Wei and Xiang, Changle and Najjaran, Homayoun and Wang, Xiaoliang and Xu, Bin},
  date = {2018-05},
  journaltitle = {Aerospace Science and Technology},
  shortjournal = {Aerospace Science and Technology},
  volume = {76},
  pages = {141--154},
  issn = {12709638},
  url = {https://linkinghub.elsevier.com/retrieve/pii/S127096381731132X},
  urldate = {2020-07-26},
  langid = {english}
}

@article{Fan_2018a,
  ids = {fanModellingAttitudeController2018},
  title = {Modelling, Attitude Controller Design and Flight Experiments of a Novel Micro-Ducted-Fan Aircraft},
  author = {Fan, Wei and Xiang, Changle and Xu, Bin},
  date = {2018},
  journaltitle = {Advances in Mechanical Engineering},
  volume = {10},
  issn = {1687-8140 1687-8140},
  number = {3}
}

@thesis{FanGuoHeng_2013,
  title = {基于FlightGear无人直升机硬件回路仿真系统的设计},
  author = {范国恒},
  date = {2013},
  institution = {{华南理工大学}},
  langid = {中文;}
}

@article{Feng_2017,
  title = {Active Disturbance Rejection Control: {{Old}} and New Results},
  shorttitle = {Active Disturbance Rejection Control},
  author = {Feng, Hongyinping and Guo, Bao-Zhu},
  date = {2017},
  journaltitle = {Annual Reviews in Control},
  volume = {44},
  pages = {238--248},
  publisher = {{Elsevier}}
}

@thesis{FengQingDuan_2010,
  title = {小型无人直升机硬件回路仿真系统的设计},
  author = {冯庆端},
  date = {2010},
  institution = {{华南理工大学}},
  langid = {中文;}
}

@inproceedings{Fleming_2003,
  title = {Improving Control System Effectiveness for Ducted Fan {{VTOL UAVs}} Operating in Crosswinds},
  booktitle = {2nd {{AIAA}}" {{Unmanned Unlimited}}" {{Conf}}. and {{Workshop}} \& {{Exhibit}}},
  author = {Fleming, Jonathan and Jones, Troy and Ng, Wing and Gelhausen, Paul and Enns, Dale},
  date = {2003},
  pages = {6514},
  publisher = {{AIAA}},
  location = {{San Diego, California}}
}

@inproceedings{Fleming_2004,
  title = {Improved Control of Ducted Fan {{VTOL UAVs}} in Crosswind Turbulence},
  booktitle = {{{AHS}} 4th {{Decennial Specialist}}’s {{Conference}} on {{Aeromechanics}}},
  author = {Fleming, Jonathan and Jones, Troy and Lusardi, Jeff and Gelhausen, Paul and Enns, Dale},
  date = {2004},
  volume = {152},
  pages = {1--12},
  location = {{San Francisco}}
}

@thesis{FuJiangLing_2017,
  title = {涵道无人飞行器飞行控制计算机设计},
  author = {付江玲},
  date = {2017},
  institution = {{南京航空航天大学}},
  url = {https://kns.cnki.net/KCMS/detail/detail.aspx?dbcode=CMFD&dbname=CMFD201801&filename=1017875100.nh&uid=WEEvREcwSlJHSldRa1FhcEFLUmViU2FoMVBxUnUxUHpLdkw4cTdYNW8xZz0=$9A4hF_YAuvQ5obgVAqNKPCYcEjKensW4IQMovwHtwkF4VYPoHbKxJw!!&v=MTQxNzhSOGVYMUx1eFlTN0RoMVQzcVRyV00xRnJDVVI3cWZZdVJwRkNqaFU3M01WRjI2R2J1L0c5RE1yNUViUEk=},
  urldate = {2020-05-26},
  langid = {中文;}
}

@inproceedings{Gao_2006,
  title = {Scaling and Bandwidth-Parameterization Based Controller Tuning},
  booktitle = {Proceedings of the {{American}} Control Conference},
  author = {Gao, Zhiqiang},
  date = {2006},
  volume = {6},
  pages = {4989--4996}
}

@article{Garus_2017,
  title = {Passive Fault Tolerant Control Allocation for Small Unmanned Underwater Vehicle},
  author = {Garus, Jerzy and Studanski, Ryszard and Batur, Tomislav},
  date = {2017},
  journaltitle = {Journal of Marine Engineering \& Technology},
  volume = {16},
  pages = {420--424},
  publisher = {{Taylor \& Francis}},
  number = {4}
}

@article{Ghazbi_2016,
  title = {Quadrotors Unmanned Aerial Vehicles: {{A}} Review},
  shorttitle = {Quadrotors Unmanned Aerial Vehicles},
  author = {Ghazbi, S. Norouzi and Aghli, Yasaman and Alimohammadi, M. and Akbari, Ali Akbar},
  date = {2016},
  journaltitle = {International Journal on Smart Sensing \& Intelligent Systems},
  volume = {9},
  pages = {309--333},
  number = {1}
}

@book{Golub_2012,
  title = {Matrix Computations},
  author = {Golub, Gene H. and Van Loan, Charles F.},
  date = {2012},
  volume = {3},
  publisher = {{JHU press}}
}

@article{Gould_2005,
  ids = {gouldNumericalMethodsLargescale2005,gouldNumericalMethodsLargescale2005b},
  title = {Numerical Methods for Large-Scale Nonlinear Optimization},
  author = {Gould, Nick and Orban, Dominique and Toint, Philippe},
  date = {2005},
  journaltitle = {Acta Numerica},
  volume = {14},
  pages = {299--361},
  issn = {0962-4929 1474-0508}
}

@inproceedings{Graf_2008,
  ids = {grafImprovingDuctedFan2008},
  title = {Improving Ducted Fan {{UAV}} Aerodynamics in Forward Flight},
  booktitle = {46th {{AIAA}} Aerospace Sciences Meeting and Exhibit},
  author = {Graf, Will and Fleming, Jonathan and Ng, Wing},
  date = {2008},
  pages = {430},
  publisher = {{AIAA}},
  location = {{Reno, Nevada}}
}

@inproceedings{Grant_2011,
  title = {Adaptive Pitch Control of a Six Degree-of-Freedom Ducted-Fan Aircraft},
  booktitle = {2011 {{IEEE International Conference}} on {{Robotics}} and {{Biomimetics}}},
  author = {Grant, O. and Stol, K. and Swain, A.},
  date = {2011-12},
  pages = {806--811},
  eventtitle = {2011 {{IEEE International Conference}} on {{Robotics}} and {{Biomimetics}}}
}

@thesis{GuanLinJun_2011,
  title = {基于光纤串行通信的数控底层控制器研究及实现},
  author = {关林君},
  date = {2011},
  institution = {{华南理工大学}},
  langid = {中文;}
}

@inproceedings{Guerrero_2003,
  title = {A Powered Lift Aerodynamic Analysis for the Design of Ducted Fan Uavs},
  booktitle = {2nd {{AIAA}}" {{Unmanned Unlimited}}" {{Conf}}. and {{Workshop}} \& {{Exhibit}}},
  author = {Guerrero, Ignacio and Londenberg, W. Kelly and Gelhausen, Paul and Myklebust, Arvid},
  date = {2003},
  pages = {6567},
  publisher = {{AIAA}},
  location = {{San Diego, California}}
}

@article{Guo_2010,
  title = {On Convergence of Tracking Differentiator and Application to Frequence Estimation of Sinusoidal Signals},
  author = {Guo, Bao-Zhu and Zhao, Zhi-Liang},
  date = {2010},
  journaltitle = {Preprint, Academy of Mathematics and Systems Science, Academia Sinica}
}

@article{Guo_2011,
  title = {Extended State Observer for Nonlinear Systems with Uncertainty},
  author = {Guo, Bao-Zhu and Zhao, Zhi-Liang},
  date = {2011},
  journaltitle = {IFAC Proceedings Volumes},
  volume = {44},
  pages = {1855--1860},
  publisher = {{Elsevier}},
  number = {1}
}

@article{Guo_2011a,
  title = {On Convergence of Tracking Differentiator},
  author = {Guo, Bao-Zhu and Zhao, Zhi-Liang},
  date = {2011},
  journaltitle = {International Journal of Control},
  volume = {84},
  pages = {693--701},
  publisher = {{Taylor \& Francis}},
  number = {4}
}

@inproceedings{Guo_2011b,
  ids = {Guo\_2011f},
  title = {On Convergence of Tracking Differentiator and Application to Frequency Estimation of Sinusoidal Signals},
  booktitle = {2011 8th {{Asian Control Conference}} ({{ASCC}})},
  author = {Guo, Bao-Zhu and Zhao, Zhi-Liang},
  date = {2011},
  pages = {1470--1475},
  publisher = {{IEEE}},
  location = {{Kaohsiung, Taiwan}}
}

@inproceedings{Guo_2011c,
  ids = {Guo\_2011e},
  title = {On Finite-Time Stable Tracking Differentiator without {{Lipschitz}} Continuity of {{Lyapunov}} Function},
  booktitle = {Proceedings of the 30th {{Chinese Control Conference}}},
  author = {Guo, Bao-Zhu and Zhao, Zhi-Liang},
  date = {2011},
  pages = {354--358},
  publisher = {{IEEE}},
  location = {{Yantai, China}}
}

@article{Guo_2011d,
  ids = {guoConvergenceExtendedState2011,guoConvergenceExtendedState2011b},
  title = {On the Convergence of an Extended State Observer for Nonlinear Systems with Uncertainty},
  author = {Guo, Bao-Zhu and Zhao, Zhi-liang},
  date = {2011},
  journaltitle = {Systems \& Control Letters},
  volume = {60},
  pages = {420--430},
  issn = {01676911},
  number = {6}
}

@article{Guo_2012,
  ids = {guoConvergenceNonlinearExtended2012,guoConvergenceNonlinearExtended2012b},
  title = {On Convergence of Non-Linear Extended State Observer for Multi-Input Multi-Output Systems with Uncertainty},
  author = {Guo, B. Z. and Zhao, Z. L.},
  date = {2012},
  journaltitle = {IET Control Theory \& Applications},
  volume = {6},
  pages = {2375--2386},
  issn = {1751-8644 1751-8652},
  number = {15}
}

@inproceedings{Guo_2012a,
  ids = {Guo\_2012b,Guo\_2012d},
  title = {On Convergence of Nonlinear Active Disturbance Rejection for {{SISO}} Systems},
  booktitle = {2012 24th {{Chinese Control}} and {{Decision Conference}} ({{CCDC}})},
  author = {Guo, Bao-Zhu and Zhao, Zhi-Liang},
  date = {2012},
  pages = {3507--3512},
  publisher = {{IEEE}},
  location = {{Taiyuan, China}}
}

@article{Guo_2012b,
  title = {Weak Convergence of Nonlinear High-Gain Tracking Differentiator},
  author = {Guo, Bao-Zhu and Zhao, Zhi-Liang},
  date = {2012},
  journaltitle = {IEEE Transactions on Automatic Control},
  volume = {58},
  pages = {1074--1080},
  publisher = {{IEEE}},
  number = {4}
}

@article{Guo_2013,
  title = {On Convergence of the Nonlinear Active Disturbance Rejection Control for {{MIMO}} Systems},
  author = {Guo, Bao-Zhu and Zhao, Zhi-Liang},
  date = {2013},
  journaltitle = {SIAM Journal on Control and Optimization},
  volume = {51},
  pages = {1727--1757},
  publisher = {{SIAM}},
  number = {2}
}

@article{Guo_2015,
  title = {Active Disturbance Rejection Control: {{Theoretical}} Perspectives},
  shorttitle = {Active Disturbance Rejection Control},
  author = {Guo, Bao-Zhu and Zhao, Zhi-Liang},
  date = {2015},
  journaltitle = {Communications in Information and Systems},
  volume = {15},
  pages = {361--421},
  publisher = {{International Press of Boston}},
  number = {3}
}

@book{Guo_2016,
  title = {Active Disturbance Rejection Control for Nonlinear Systems: {{An}} Introduction},
  shorttitle = {Active Disturbance Rejection Control for Nonlinear Systems},
  author = {Guo, Bao-Zhu and Zhao, Zhi-Liang},
  date = {2016},
  publisher = {{John Wiley \& Sons}}
}

@article{Hamdan_1989,
  title = {Measures of Modal Controllability and Observability for First-and Second-Order Linear Systems},
  author = {Hamdan, A. M. A. and Nayfeh, A. H.},
  date = {1989},
  journaltitle = {Journal of guidance, control, and dynamics},
  volume = {12},
  pages = {421--428},
  number = {3}
}

@article{Han_2016,
  title = {Precision Time Synchronization Control Method for Smart Grid Based on Wolf Colony Algorithm},
  author = {Han, Wenhua and Shen, Xiaohui and Hou, Edwin and Xu, Jun},
  date = {2016},
  journaltitle = {International Journal of Electrical Power \& Energy Systems},
  volume = {78},
  pages = {816--822},
  issn = {01420615}
}

@thesis{HanChengLong_2012,
  title = {马格纳斯效应测量分析试验台的研制},
  author = {韩成龙},
  date = {2012},
  institution = {{哈尔滨工业大学}},
  langid = {中文;}
}

@inproceedings{Hanger_2011,
  ids = {hangerDynamicModelPredictive2011},
  title = {Dynamic Model Predictive Control Allocation Using {{CVXGEN}}},
  author = {Hanger, Martin and Johansen, Tor A. and Mykland, Geir Kåre and Skullestad, Aage},
  date = {2011},
  pages = {417--422},
  publisher = {{IEEE}},
  eventtitle = {2011 9th {{IEEE International Conference}} on {{Control}} and {{Automation}} ({{ICCA}})},
  isbn = {1-4577-1476-0}
}

@book{HanJingQing_2008,
  title = {自抗扰控制技术: 估计补偿不确定因素的控制技术},
  shorttitle = {自抗扰控制技术},
  author = {{韩京清}},
  date = {2008},
  publisher = {{国防工业出版社}}
}

@thesis{HanShouQian_2011,
  title = {开放式数控系统的平台研究与软件移植},
  author = {韩守谦},
  date = {2011},
  institution = {{华南理工大学}},
  langid = {中文;}
}

@thesis{HanWenJie_2019,
  title = {四旋翼无人机的自抗扰控制},
  author = {韩文杰},
  date = {2019},
  institution = {{华北电力大学(北京)}},
  langid = {中文;}
}

@article{Harkegaard_2004,
  title = {Dynamic Control Allocation Using Constrained Quadratic Programming},
  author = {Härkeg\textbackslash aard, Ola},
  date = {2004},
  journaltitle = {Journal of Guidance, Control, and Dynamics},
  volume = {27},
  pages = {1028--1034},
  number = {6}
}

@inproceedings{Harkegard_2002,
  ids = {harkegardEfficientActiveSet2002},
  title = {Efficient Active Set Algorithms for Solving Constrained Least Squares Problems in Aircraft Control Allocation},
  booktitle = {Proceedings of the 41st {{IEEE Conference}} on {{Decision}} and {{Control}}, 2002},
  author = {Harkegard, O.},
  date = {2002},
  publisher = {{IEEE}},
  location = {{Las Vegas, NV, USA}}
}

@thesis{Harkegard_2003,
  ids = {harkegardBacksteppingControlAllocation2003},
  title = {Backstepping and Control Allocation with Applications to Flight Control},
  author = {Härkegård, Ola},
  date = {2003},
  institution = {{Linköpings universitet}}
}

@article{Harkegard_2005,
  ids = {harkegardResolvingActuatorRedundancy2005,harkegardResolvingActuatorRedundancy2005b},
  title = {Resolving Actuator Redundancy—Optimal Control vs. Control Allocation},
  author = {Härkegård, Ola and Glad, S. Torkel},
  date = {2005},
  journaltitle = {Automatica},
  volume = {41},
  pages = {137--144},
  issn = {00051098},
  number = {1}
}

@inproceedings{Harris_2018,
  title = {F-35 {{Flight Control Law Design}}, {{Development}} and {{Verification}}},
  author = {Harris, Jeffrey J.},
  date = {2018},
  eventtitle = {2018 {{Aviation Technology}}, {{Integration}}, and {{Operations Conference}}}
}

@thesis{HarrisJr_2007,
  title = {Investigation of Control Effectors for Ducted Fan {{VTOL UAVs}}},
  author = {Harris Jr, Charles Richard},
  date = {2007},
  institution = {{Virginia Tech}}
}

@article{Hassanalian_2017,
  ids = {hassanalianClassificationsApplicationsDesign2017},
  title = {Classifications, Applications, and Design Challenges of Drones: {{A}} Review},
  author = {Hassanalian, M. and Abdelkefi, A.},
  date = {2017},
  journaltitle = {Progress in Aerospace Sciences},
  volume = {91},
  pages = {99--131},
  issn = {03760421}
}

@article{Heffley_1988,
  title = {Minimum-Complexity Helicopter Simulation Math Model},
  author = {Heffley, Robert K. and Mnich, Marc A.},
  date = {1988}
}

@article{Hess_2008,
  ids = {hessSlidingModeControlApplied2008,hessSlidingmodeControlApplied2008},
  title = {Sliding-Mode Control Applied of a Nonlinear Model of an Unmanned Aerial Vehicle},
  author = {Hess, Ronald A. and Bakhtiari-Nejad, Maryam},
  date = {2008},
  journaltitle = {Journal of Guidance, Control, and Dynamics},
  volume = {31},
  pages = {1163--1166},
  issn = {0731-5090},
  number = {4}
}

@book{Hess_2013,
  title = {Aircraft and Rotorcraft System Identification–Engineering Methods with Flight Test Examples},
  author = {Hess, Ronald A.},
  date = {2013},
  publisher = {{American Institute of Aeronautics and Astronautics}}
}

@thesis{HeYueBang_2013,
  title = {小型无人直升机鲁棒非线性控制研究},
  author = {贺跃帮},
  date = {2013},
  institution = {{华南理工大学}},
  langid = {中文;}
}

@book{Horn_2012,
  title = {Matrix Analysis},
  author = {Horn, Roger A. and Johnson, Charles R.},
  date = {2012},
  publisher = {{Cambridge university press}}
}

@article{Hou_2015,
  title = {Modeling and Control of a Magnus-Effect-Based Ducted Fan Aerial Vehicle},
  author = {Hou, Qingming and Zhu, Yanhe and Gao, Yongsheng and Zhao, Jie and Jin, Hongzhe},
  date = {2015},
  journaltitle = {International Journal of Control, Automation and Systems},
  volume = {13},
  pages = {934--941},
  publisher = {{Springer}},
  number = {4}
}

@article{Huang_2014,
  title = {Active Disturbance Rejection Control: Methodology and Theoretical Analysis},
  shorttitle = {Active Disturbance Rejection Control},
  author = {Huang, Yi and Xue, Wenchao},
  date = {2014},
  journaltitle = {ISA transactions},
  volume = {53},
  pages = {963--976},
  publisher = {{Elsevier}},
  number = {4}
}

@thesis{HuangAn_2014,
  title = {涵道风扇无人机悬停状态姿态控制器设计},
  author = {黄安},
  date = {2014},
  institution = {{国防科学技术大学}},
  langid = {中文;}
}

@thesis{HuangRongEn_2018,
  title = {基于SLAM的三维激光测量技术研究},
  author = {黄荣恩},
  date = {2018},
  institution = {{华南理工大学}},
  langid = {中文;}
}

@thesis{HuangZhiAn_2017,
  title = {基于机载LiDAR点云与影像配准的真彩色点云生成技术},
  author = {黄志安},
  date = {2017},
  institution = {{华南理工大学}},
  langid = {中文;}
}

@thesis{HuangZiJian_2017,
  title = {无人机林火监测系统中的稳像与识别设计},
  author = {黄紫健},
  date = {2017},
  institution = {{华南理工大学}},
  langid = {中文;}
}

@thesis{HuXin_2011,
  title = {基于ARM9的嵌入式魔方机器人系统设计},
  author = {胡鑫},
  date = {2011},
  institution = {{华南理工大学}},
  langid = {中文;}
}

@article{Invernizzi_2018,
  title = {Trajectory Tracking Control of Thrust-Vectoring {{UAVs}}},
  author = {Invernizzi, Davide and Lovera, Marco},
  date = {2018-09},
  journaltitle = {Automatica},
  shortjournal = {Automatica},
  volume = {95},
  pages = {180--186},
  issn = {00051098},
  url = {https://linkinghub.elsevier.com/retrieve/pii/S0005109818302668},
  urldate = {2020-07-26},
  langid = {english}
}

@article{Jeong_2015,
  title = {Control System Design for a Ducted-Fan Unmanned Aerial Vehicle Using Linear Quadratic Tracker},
  author = {Jeong, Junho and Kim, Seungkeun and Suk, Jinyoung},
  date = {2015},
  journaltitle = {International Journal of Aerospace Engineering},
  volume = {2015},
  publisher = {{Hindawi}}
}

@thesis{JiangLongFei_2012,
  title = {基于DSP的开放式数控系统运动控制器的研究与设计},
  author = {江龙飞},
  date = {2012},
  institution = {{华南理工大学}},
  langid = {中文;}
}

@article{Jing_2018,
  ids = {jingMultiobjectiveOptimalControl2018,jingMultiobjectiveOptimalControl2018a,jingMultiobjectiveOptimalControl2018c},
  title = {Multi-Objective Optimal Control Allocation for an over-Actuated Electric Vehicle},
  author = {Jing, Houhua and Jia, Fengjiao and Liu, Zhiyuan \%J IEEE Access},
  date = {2018},
  volume = {6},
  pages = {4824--4833},
  issn = {2169-3536}
}

@inproceedings{Johansen_2004,
  ids = {johansenOptimizingNonlinearControl2004},
  title = {Optimizing Nonlinear Control Allocation},
  author = {Johansen, Tor A.},
  date = {2004},
  volume = {4},
  pages = {3435--3440},
  publisher = {{IEEE}},
  eventtitle = {2004 43rd {{IEEE Conference}} on {{Decision}} and {{Control}} ({{CDC}})({{IEEE Cat}}. {{No}}. {{04CH37601}})},
  isbn = {0-7803-8682-5}
}

@article{Johansen_2013,
  ids = {johansenControlAllocationSurvey2013b,johansenControlAllocationSurvey2013d},
  title = {Control Allocation—{{A}} Survey},
  author = {Johansen, Tor A. and Fossen, Thor I.},
  date = {2013},
  journaltitle = {Automatica},
  volume = {49},
  pages = {1087--1103},
  issn = {00051098},
  number = {5}
}

@article{JohnA.M.Petersen_2005,
  ids = {petersenInteriorPointAlgorithmsControl2005},
  title = {Interior-{{Point Algorithms}} for {{Control Allocation}}},
  author = {John A. M. Petersen and Marc Bodson},
  date = {2005},
  journaltitle = {Journal of Guidance, Control, and Dynamics},
  volume = {28},
  pages = {471--480},
  number = {3}
}

@article{Johnson_1969,
  title = {Optimization of a Certain Quality of Complete Controllability and Observability for Linear Dynamical Systems},
  author = {Johnson, C. D.},
  date = {1969}
}

@inproceedings{Johnson_2000,
  ids = {johnsonPseudocontrolHedgingNew2000a},
  title = {Pseudo-Control Hedging: {{A}} New Method for Adaptive Control},
  shorttitle = {Pseudo-Control Hedging},
  booktitle = {Advances in Navigation Guidance and Control Technology Workshop},
  author = {Johnson, Eric N. and Calise, Anthony J.},
  date = {2000},
  pages = {1--2},
  publisher = {{Citeseer}}
}

@article{Johnson_2005,
  title = {Adaptive Trajectory Control for Autonomous Helicopters},
  author = {Johnson, Eric N. and Kannan, Suresh K.},
  date = {2005},
  journaltitle = {Journal of Guidance, Control, and Dynamics},
  volume = {28},
  pages = {524--538},
  number = {3}
}

@inproceedings{Johnson_2005a,
  title = {Modeling, {{Control}}, and {{Flight Testing}} of a {{Small Ducted Fan Aircraft}}},
  booktitle = {{{AIAA Guidance}}, {{Navigation}}, and {{Control Conference}} and {{Exhibit}}},
  author = {Johnson, Eric and Turbe, Michael},
  date = {2005},
  location = {{San Francisco}}
}

@article{Johnson_2006,
  title = {Modeling, Control, and Flight Testing of a Small-Ducted Fan Aircraft},
  author = {Johnson, Eric N. and Turbe, Michael A.},
  date = {2006},
  journaltitle = {Journal of guidance, control, and dynamics},
  volume = {29},
  pages = {769--779},
  number = {4}
}

@article{Kamel_2018,
  ids = {kamelVoliroOmniorientationalHexacopter2018a,kamelVoliroOmniorientationalHexacopter2018b},
  title = {The {{Voliro Omniorientational Hexacopter}}: {{An Agile}} and {{Maneuverable Tiltable}}-{{Rotor Aerial Vehicle}}},
  author = {Kamel, Mina and Verling, Sebastian and Elkhatib, Omar and Sprecher, Christian and Wulkop, Paula and Taylor, Zachary and Siegwart, Roland and Gilitschenski, Igor},
  date = {2018},
  journaltitle = {IEEE Robotics \& Automation Magazine},
  volume = {25},
  pages = {34--44},
  issn = {1070-9932 1558-223X},
  number = {4}
}

@inproceedings{Kaufman_2014,
  ids = {kaufmanDesignDevelopmentFreefloating2014a},
  title = {Design and Development of a Free-Floating Hexrotor Uav for 6-Dof Maneuvers},
  author = {Kaufman, Evan and Caldwell, Kiren and Lee, Daewon and Lee, Taeyoung},
  date = {2014},
  pages = {1--10},
  publisher = {{IEEE}},
  eventtitle = {2014 {{IEEE Aerospace Conference}}},
  isbn = {1-4799-1622-6}
}

@book{Khalil_2002,
  title = {Nonlinear Systems},
  author = {Khalil, Hassan K. and Grizzle, Jessy W.},
  date = {2002},
  volume = {3},
  publisher = {{Prentice hall Upper Saddle River, NJ}}
}

@article{Khan_2013,
  title = {Optimized Reconfigurable Control Design for Aircraft Using Genetic Algorithm},
  author = {Khan, A. H. and Weiguo, Z. and Khan, Zeashan H. and Jingping, S.},
  date = {2013},
  journaltitle = {Research Journal of Applied Sciences, Engineering and Technology},
  volume = {6},
  pages = {4653--4662},
  number = {24}
}

@article{Kirchengast_2018,
  ids = {kirchengastControlAllocationActuator2018},
  title = {Control {{Allocation}} under {{Actuator Saturation}}: {{An Experimental Evaluation}}},
  author = {Kirchengast, Martin and Steinberger, Martin and Horn, Martin},
  date = {2018},
  journaltitle = {IFAC-PapersOnLine},
  volume = {51},
  pages = {48--54},
  issn = {24058963},
  number = {25}
}

@article{Klein_1982,
  title = {Computation of a Degree of Controllability via System Discretization},
  author = {Klein, George and Lindberg Jr, Robert E. and Longman, Richard W.},
  date = {1982},
  journaltitle = {Journal of Guidance, Control, and Dynamics},
  volume = {5},
  pages = {583--588},
  number = {6}
}

@inproceedings{Ko_2007,
  ids = {koDuctedFanUAV2007},
  title = {Ducted Fan {{UAV}} Modeling and Simulation in Preliminary Design},
  booktitle = {{{AIAA}} Modeling and Simulation Technologies Conference and Exhibit},
  author = {Ko, Andy and Ohanian, Osgar and Gelhausen, Paul},
  date = {2007},
  pages = {6375},
  publisher = {{AIAA}},
  location = {{Monterey, California}}
}

@thesis{KongQingQi_2012,
  title = {涵道风扇系统气动特性研究},
  author = {孔庆旗},
  date = {2012},
  institution = {{南京航空航天大学}},
  langid = {中文;}
}

@thesis{KongWeiHong_2011,
  title = {复合式高速直升机若干关键技术研究},
  author = {孔卫红},
  date = {2011},
  institution = {{南京航空航天大学}},
  langid = {中文;}
}

@inproceedings{Krajnik_2012,
  title = {A Simple Visual Navigation System for an {{UAV}}},
  booktitle = {International {{Multi}}-{{Conference}} on {{Systems}}, {{Signals}} \& {{Devices}}},
  author = {Krajník, Tomáš and Nitsche, Matías and Pedre, Sol and Přeučil, Libor and Mejail, Marta E.},
  date = {2012},
  pages = {1--6},
  publisher = {{IEEE}},
  location = {{Chemnitz, Germany}}
}

@article{L.Cui_2019,
  ids = {cuiControlTheoreticStudyIterative2019,l.cuiControlTheoreticStudyIterative2019a},
  title = {A {{Control}}-{{Theoretic Study}} on {{Iterative Solution}} to {{Control Allocation}} for {{Over}}-{{Actuated Aircraft}}},
  author = {L. Cui and Z. Zuo and Y. Yang},
  date = {2019},
  journaltitle = {IEEE Transactions on Systems, Man, and Cybernetics: Systems},
  pages = {1--11},
  issn = {2168-2232}
}

@inproceedings{Lam_2005,
  title = {Investigation and {{Preliminary Development}} of a {{Modified Pseudo Control Hedging}} for {{Missile Performance Enhancement}}},
  author = {Lam, Quang and Hindman, Richard and Shell, William and Ridgely, Brett},
  date = {2005},
  eventtitle = {{{AIAA Guidance}}, {{Navigation}}, and {{Control Conference}} and {{Exhibit}}}
}

@thesis{LangPengFei_2013,
  title = {基于dSpace的硬件在回路仿真系统研究},
  author = {郎鹏飞},
  date = {2013},
  institution = {{华南理工大学}},
  langid = {中文;}
}

@inproceedings{Lee_2010,
  title = {Geometric Tracking Control of a Quadrotor {{UAV}} on {{SE}} (3)},
  booktitle = {49th {{IEEE}} Conference on Decision and Control ({{CDC}})},
  author = {Lee, Taeyoung and Leok, Melvin and McClamroch, N. Harris},
  date = {2010},
  pages = {5420--5425},
  publisher = {{IEEE}}
}

@article{Lee_2011,
  title = {Geometric Tracking Control of a Quadrotor {{UAV}} for Extreme Maneuverability},
  author = {Lee, Taeyoung and Leok, Melvin and McClamroch, N. Harris},
  date = {2011},
  journaltitle = {IFAC Proceedings Volumes},
  volume = {44},
  pages = {6337--6342},
  publisher = {{Elsevier}},
  number = {1}
}

@inproceedings{Lee_2012,
  title = {Autonomous Landing of a {{VTOL UAV}} on a Moving Platform Using Image-Based Visual Servoing},
  booktitle = {2012 {{IEEE}} International Conference on Robotics and Automation},
  author = {Lee, Daewon and Ryan, Tyler and Kim, H. Jin},
  date = {2012},
  pages = {971--976},
  publisher = {{IEEE}},
  location = {{Saint Paul, Minnesota, USA}}
}

@thesis{LeiLiDong_2012,
  title = {小型无人直升机数据链路系统设计与仿真平台研究},
  author = {雷立动},
  date = {2012},
  institution = {{华南理工大学}},
  langid = {中文;}
}

@thesis{LeiWenHuan_2014,
  title = {涵道式无人机自适应控制研究},
  author = {雷文焕},
  date = {2014},
  institution = {{哈尔滨工业大学}},
  langid = {中文;}
}

@article{Li_2018,
  ids = {liMethodCompensateInteraction2018,liMethodCompensateInteraction2018b},
  title = {A {{Method}} to {{Compensate Interaction}} between {{Actuator Dynamics}} and {{Control Allocator}} under {{Incremental Nonlinear Dynamic Inversion Controller}}},
  author = {Li, Xiang and Jiang, Yi and Zhang, Jiannan and Shi, Shaoyan and Zhao, Liangyu},
  date = {2018},
  journaltitle = {IOP Conference Series: Materials Science and Engineering},
  volume = {428},
  issn = {1757-899X}
}

@article{Li_2018a,
  ids = {Li\_2018b,liFaultTolerantAttitudeStabilization2018},
  title = {Fault-{{Tolerant Attitude Stabilization Incorporating Closed}}-{{Loop Control Allocation Under Actuator Failure}}},
  author = {Li, Bo and Hu, Qinglei and Ma, Guangfu and Yang, Yongsheng \%J IEEE Transactions on Aerospace and Electronic Systems},
  date = {2018},
  volume = {55},
  pages = {1989--2000},
  publisher = {{IEEE}},
  issn = {0018-9251},
  number = {4}
}

@online{Li_2019,
  title = {Multi-{{Sensor 3D Object Box Refinement}} for {{Autonomous Driving}}},
  author = {Li, Peiliang and Liu, Siqi and Shen, Shaojie},
  date = {2019},
  archivePrefix = {arXiv},
  eprint = {1909.04942},
  eprinttype = {arxiv}
}

@thesis{LiHongHui_2012,
  title = {数据融合技术在无人机高度测量中的研究应用},
  author = {李洪辉},
  date = {2012},
  institution = {{华南理工大学}},
  langid = {中文;}
}

@thesis{LiJiaHao_2018,
  title = {自抗扰控制的改进及其在四旋翼无人机上的应用},
  author = {李家豪},
  date = {2018},
  institution = {{厦门大学}},
  langid = {中文;}
}

@article{LiJianBo_2005,
  title = {涵道风扇空气动力学特性分析},
  author = {李建波 and 高正},
  date = {2005},
  journaltitle = {南京航空航天大学学报},
  pages = {680--684},
  issn = {1005-2615},
  langid = {中文;},
  number = {06}
}

@thesis{LiLei_2018,
  title = {基于改进观测器的自抗扰控制方法及其应用},
  author = {李雷},
  date = {2018},
  institution = {{山西大学}},
  langid = {中文;}
}

@thesis{LiLing_2012,
  title = {基于视频图像的火灾识别研究},
  author = {李玲},
  date = {2012},
  institution = {{华南理工大学}},
  langid = {中文;}
}

@thesis{LinBingYang_2014,
  title = {无人机传感器数据采集与处理},
  author = {林冰洋},
  date = {2014},
  institution = {{华南理工大学}},
  langid = {中文;}
}

@inproceedings{Lind_2006,
  title = {Ducted {{Rotor Performance Calculations}} and {{Comparison}} with {{Experimental Data}}},
  booktitle = {44th {{AIAA Aerospace Sciences Meeting}} and {{Exhibit}}},
  author = {Lind, Robert and Nathman, James and Gilchrist, Ian},
  date = {2006-01-09},
  publisher = {{American Institute of Aeronautics and Astronautics}},
  location = {{Reno, Nevada}},
  url = {http://arc.aiaa.org/doi/10.2514/6.2006-1069},
  urldate = {2020-05-26},
  eventtitle = {44th {{AIAA Aerospace Sciences Meeting}} and {{Exhibit}}},
  isbn = {978-1-62410-039-0},
  langid = {english}
}

@article{Lindegaard_2003,
  ids = {lindegaardFuelefficientRudderPropeller2003,lindegaardFuelefficientRudderPropeller2003a},
  title = {Fuel-Efficient Rudder and Propeller Control Allocation for Marine Craft: {{Experiments}} with a Model Ship},
  author = {Lindegaard, K.-P. and Fossen, Thor I.},
  date = {2003},
  journaltitle = {IEEE Transactions on Control Systems Technology},
  volume = {11},
  pages = {850--862},
  issn = {1063-6536},
  number = {6}
}

@inproceedings{Lipera_2001,
  ids = {liperaMicroCraftISTAR2001},
  title = {The Micro Craft {{iSTAR}} Micro Air Vehicle: {{Control}} System Design and Testing},
  booktitle = {Annual {{Forum Proceedings}}-{{American Helicopter Society}}},
  author = {Lipera, Larry and Colbourne, Jason D. and Tischler, Mark B. and Mansur, M. Hossein and Rotkowitz, Michael C. and Patangui, Paul},
  date = {2001},
  volume = {57},
  pages = {1998--2008},
  publisher = {{AMERICAN HELICOPTER SOCIETY, INC}},
  location = {{Washington, DC, USA}},
  isbn = {0733-4249}
}

@thesis{LiQiao_2005,
  title = {并联型混合有源电力滤波器的自抗扰与H\_∞鲁棒控制},
  author = {李乔},
  date = {2005},
  institution = {{华南理工大学}},
  langid = {中文;}
}

@thesis{LiQingRui_2015,
  title = {农机自动导航模拟系统轨迹跟踪的设计与实现},
  author = {李青睿},
  date = {2015},
  institution = {{华南理工大学}},
  langid = {中文;}
}

@thesis{LiQiYuan_2012,
  title = {伺服系统示教盒和运动控制器的研究与设计},
  author = {李启源},
  date = {2012},
  institution = {{华南理工大学}},
  langid = {中文;}
}

@inproceedings{Liu_2006,
  title = {涵道螺旋桨气动计算的片条理论及其应用},
  booktitle = {第22届全国直升机年会},
  author = {刘, 沛清 and 鲁, 金华},
  date = {2006},
  publisher = {{中国航空学会}},
  location = {{河北保定}},
  url = {http://d.wanfangdata.com.cn/Conference/6294475},
  urldate = {2020-05-26}
}

@inproceedings{Liu_2012,
  ids = {liuFaultTolerantControl2012},
  title = {Fault Tolerant Control Based on Adaptive Control Allocation with a Multiple Effectors Aircraft Application},
  author = {Liu, ChunSheng and Zhu, Xinzhong and Jiang, Bin},
  date = {2012},
  pages = {2533--2538},
  publisher = {{IEEE}},
  eventtitle = {2012 {{American Control Conference}} ({{ACC}})},
  isbn = {1-4577-1096-X}
}

@inproceedings{Liu_2016,
  title = {Noise Suppression of Fiber Optic Gyroscope Based on Variable Tap-Length Adaptive Filter},
  booktitle = {2016 {{IEEE Transportation Electrification Conference}} and {{Expo}}, {{Asia}}-{{Pacific}} ({{ITEC Asia}}-{{Pacific}})},
  author = {Liu, Siqi and Huang, Yulong},
  date = {2016},
  pages = {230--233},
  publisher = {{IEEE}}
}

@article{Liu_2019,
  ids = {liuIntegratedModellingStatic2019b,liuIntegratedModellingStatic2019c},
  title = {Integrated {{Modelling}} and {{Static Experiment}} of a {{Novel Tandem Ducted Fan Flying Robot}}},
  author = {Liu, Lei and Xiang, Changle and Xu, Bin and Fan, Wei},
  date = {2019},
  journaltitle = {Journal of Physics: Conference Series},
  volume = {1267},
  issn = {1742-6588 1742-6596}
}

@inproceedings{Liu_2020,
  title = {Robust Regression for Safe Exploration in Control},
  booktitle = {Learning for {{Dynamics}} and {{Control}}},
  author = {Liu, Anqi and Shi, Guanya and Chung, Soon-Jo and Anandkumar, Anima and Yue, Yisong},
  date = {2020},
  pages = {608--619}
}

@thesis{LiuChen_2015,
  title = {双涵道风扇垂直起降飞行器的设计与实现},
  author = {刘晨},
  date = {2015},
  institution = {{华南理工大学}},
  langid = {中文;}
}

@thesis{LiuHai_2017,
  title = {小型无人直升机飞行控制中的动力规划技术研究与设计},
  author = {刘海},
  date = {2017},
  institution = {{华南理工大学}},
  langid = {中文;}
}

@thesis{LiuJianTao_2018,
  title = {四旋翼无人机自抗扰姿态控制},
  author = {刘建涛},
  date = {2018},
  institution = {{华北电力大学}},
  langid = {中文;}
}

@thesis{LiuQiang_2019,
  title = {无人飞艇常规控制策略和抗风抗扰控制研究},
  author = {刘强},
  date = {2019},
  institution = {{华中科技大学}},
  langid = {中文;}
}

@thesis{LiuSiQi_2017,
  title = {光纤陀螺零偏及标度因数误差测试与补偿方法研究},
  author = {刘思琪},
  date = {2017},
  institution = {{哈尔滨工程大学}},
  url = {https://kns.cnki.net/KCMS/detail/detail.aspx?dbcode=CMFD&dbname=CMFD201801&filename=1018082626.nh&uid=WEEvREcwSlJHSldRa1FhcEFLUmViU2YxNWhDd09YZ3d2aXhDQnRyNEMrND0=$9A4hF_YAuvQ5obgVAqNKPCYcEjKensW4IQMovwHtwkF4VYPoHbKxJw!!&v=MTA3NzdXTTFGckNVUjdxZll1VnZGeXJoVzczSVZGMjZGck93SE5mT3FaRWJQSVI4ZVgxTHV4WVM3RGgxVDNxVHI=},
  urldate = {2020-05-30},
  langid = {中文;}
}

@thesis{LiuWei_2019,
  title = {基于随机鲁棒方法的高速飞行器自抗扰姿态控制},
  author = {刘威},
  date = {2019},
  institution = {{华中科技大学}},
  langid = {中文;}
}

@thesis{LiuYang_2013,
  title = {捷联惯性导航系统设计与信息融合算法研究},
  author = {刘洋},
  date = {2013},
  institution = {{华南理工大学}},
  langid = {中文;}
}

@article{LiuYiSha_2015,
  title = {四旋翼飞行器的自抗扰飞行控制方法},
  author = {刘一莎 and 杨晟萱 and 王伟},
  date = {2015},
  journaltitle = {控制理论与应用},
  volume = {32},
  pages = {1351--1360},
  issn = {1000-8152},
  langid = {中文;},
  number = {10}
}

@thesis{LiuYuBo_2017,
  title = {小型无人直升机自抗扰飞行控制系统设计},
  author = {刘宇博},
  date = {2017},
  institution = {{南昌航空大学}},
  langid = {中文;}
}

@thesis{LiuYuXi_2018,
  title = {基于小型无人直升机的森林火灾实时监测与跟踪系统设计},
  author = {刘雨曦},
  date = {2018},
  institution = {{华南理工大学}},
  langid = {中文;}
}

@thesis{LiuZun_2019,
  title = {基于小型无人直升机的系统辨识研究},
  author = {刘尊},
  date = {2019},
  institution = {{华南理工大学}},
  langid = {中文;}
}

@article{Lotufo_2016,
  title = {Embedded Model Control for {{UAV}} Quadrotor via Feedback Linearization},
  author = {Lotufo, M. A. and Colangelo, L. and Perez-Montenegro, C. and Novara, C. and Canuto, E.},
  date = {2016},
  journaltitle = {IFAC-PapersOnLine},
  volume = {49},
  pages = {266--271},
  publisher = {{Elsevier}},
  number = {17}
}

@article{Lu_2016,
  ids = {luAircraftFaulttolerantTrajectory2016,luAircraftFaulttolerantTrajectory2016b},
  title = {Aircraft Fault-Tolerant Trajectory Control Using {{Incremental Nonlinear Dynamic Inversion}}},
  author = {Lu, Peng and van Kampen, Erik-Jan and de Visser, Cornelis and Chu, Qiping},
  date = {2016},
  journaltitle = {Control Engineering Practice},
  volume = {57},
  pages = {126--141},
  issn = {09670661},
  options = {useprefix=true}
}

@article{LuKaiWen_2020,
  title = {推力矢量可倾转四旋翼自抗扰飞行控制方法},
  author = {{卢凯文} and {杨忠} and {张秋雁} and {许昌亮} and {徐浩} and {徐向荣}},
  date = {2020},
  journaltitle = {控制理论与应用},
  volume = {37},
  pages = {1377--1387},
  number = {6}
}

@inproceedings{Luo_2004,
  ids = {luoModelPredictiveDynamic2004},
  title = {Model Predictive Dynamic Control Allocation with Actuator Dynamics},
  author = {Luo, Yu and Serrani, Andrea and Yurkovich, Stephen and Doman, David B. and Oppenheimer, Michael W.},
  date = {2004},
  volume = {2},
  pages = {1695--1700},
  publisher = {{IEEE}},
  eventtitle = {Proceedings of the 2004 {{American}} Control Conference},
  isbn = {0-7803-8335-4}
}

@article{Luo_2007,
  ids = {luoModelPredictiveDynamicControl2007,luoModelPredictiveDynamicControl2007b},
  title = {Model-{{Predictive Dynamic Control Allocation Scheme}} for {{Reentry Vehicles}}},
  author = {Luo, Yu and Serrani, Andrea and Yurkovich, Stephen and Oppenheimer, Michael W. and Doman, David B.},
  date = {2007},
  journaltitle = {Journal of Guidance, Control, and Dynamics},
  volume = {30},
  pages = {100--113},
  issn = {0731-5090 1533-3884},
  number = {1}
}

@article{Lutz_2020,
  title = {{{ARDEA}}—{{An MAV}} with Skills for Future Planetary Missions},
  author = {Lutz, Philipp and Müller, Marcus G. and Maier, Moritz and Stoneman, Samantha and Tomić, Teodor and von Bargen, Ingo and Schuster, Martin J. and Steidle, Florian and Wedler, Armin and Stürzl, Wolfgang},
  date = {2020},
  journaltitle = {Journal of Field Robotics},
  volume = {37},
  pages = {515--551},
  publisher = {{Wiley Online Library}},
  number = {4},
  options = {useprefix=true}
}

@thesis{LuZhiMing_2016,
  title = {涵道螺旋桨飞行器总体设计},
  author = {芦志明},
  date = {2016},
  institution = {{南京航空航天大学}},
  langid = {中文;}
}

@article{M.Chen_2016,
  ids = {chenConstrainedControlAllocation2016,m.chenConstrainedControlAllocation2016a},
  title = {Constrained {{Control Allocation}} for {{Overactuated Aircraft Using}} a {{Neurodynamic Model}}},
  author = {M. Chen},
  date = {2016},
  journaltitle = {IEEE Transactions on Systems, Man, and Cybernetics: Systems},
  volume = {46},
  pages = {1630--1641},
  issn = {2168-2232},
  number = {12}
}

@inproceedings{Madani_2007,
  title = {Sliding Mode Observer and Backstepping Control for a Quadrotor Unmanned Aerial Vehicles},
  booktitle = {2007 {{American Control Conference}}},
  author = {Madani, Tarek and Benallegue, Abdelaziz},
  date = {2007},
  pages = {5887--5892},
  publisher = {{IEEE}}
}

@inproceedings{Magariyama_2020,
  title = {Seamless 90-Degree Attitude Transition Flight of a Quad Tilt-Rotor {{UAV}} under Full Position Control},
  booktitle = {2020 {{IEEE}}/{{ASME International Conference}} on {{Advanced Intelligent Mechatronics}} ({{AIM}})},
  author = {Magariyama, Tomoyuki and Abiko, Satoko},
  date = {2020},
  pages = {839--844},
  publisher = {{IEEE}}
}

@thesis{MaJianJun_2009,
  title = {过驱动系统控制分配理论及其应用},
  author = {马建军},
  date = {2009},
  institution = {{国防科学技术大学}},
  langid = {中文;}
}

@inproceedings{Manouchehri_2011,
  title = {Hovering Control of a Ducted Fan {{VTOL Unmanned Aerial Vehicle}} ({{UAV}}) Based on {{PID}} Control},
  booktitle = {2011 {{International Conference}} on {{Electrical}} and {{Control Engineering}}},
  author = {Manouchehri, Afshin and Hajkarami, Hamid and Ahmadi, Mohammad Saleh},
  date = {2011},
  pages = {5962--5965},
  publisher = {{IEEE}},
  location = {{Yichang, China}}
}

@article{Manzoor_2020,
  ids = {manzoorTrajectoryTrackingControl2020},
  title = {Trajectory Tracking Control of a {{VTOL}} Unmanned Aerial Vehicle Using Offset-Free Tracking {{MPC}}},
  author = {Manzoor, Tayyab and Xia, Yuanqing and Zhai, Di-Hua and Ma, Dailiang},
  date = {2020},
  journaltitle = {Chinese Journal of Aeronautics},
  issn = {10009361}
}

@inproceedings{Marconi_2006,
  title = {Nonlinear Robust Control of a Reduced-Complexity Ducted {{MAV}} for Trajectory Tracking},
  booktitle = {Proceedings of the 45th {{IEEE Conference}} on {{Decision}} and {{Control}}},
  author = {Marconi, L. and Naldi, R.},
  date = {2006},
  pages = {1539--1544},
  publisher = {{IEEE}},
  location = {{San Diego, CA, USA}}
}

@inproceedings{Matamoros_2018,
  title = {Incremental {{Nonlinear Control Allocation}} for a {{Tailless Aircraft}} with {{Innovative Control Effectors}}},
  author = {Matamoros, Ismael and de Visser, Coen C.},
  date = {2018},
  eventtitle = {2018 {{AIAA Guidance}}, {{Navigation}}, and {{Control Conference}}},
  options = {useprefix=true}
}

@incollection{Mattingley_2009,
  ids = {mattingleyAutomaticCodeGeneration2009,mattingleyAutomaticCodeGeneration2009b},
  title = {Automatic Code Generation for Real-Time Convex Optimization},
  booktitle = {Convex {{Optimization}} in {{Signal Processing}} and {{Communications}}},
  author = {Mattingley, Jacob and Boyd, Stephen and Palomar, Daniel P. and Eldar, Yonina C.},
  date = {2009},
  pages = {1--41},
  isbn = {978-0-511-80445-8}
}

@thesis{MaZheng_2018,
  title = {自抗扰控制技术在四旋翼飞行器中的应用研究},
  author = {马铮},
  date = {2018},
  institution = {{华北电力大学}},
  langid = {中文;}
}

@thesis{MeiCanWen_2016,
  title = {小型无人直升机的电子增稳系统设计},
  author = {梅粲文},
  date = {2016},
  institution = {{华南理工大学}},
  langid = {中文;}
}

@article{Meng_2020,
  title = {涵道风扇式无人机的优先级控制分配},
  author = {蒙, 超恒 and 裴, 海龙 and 程, 子欢},
  date = {2020},
  journaltitle = {航空学报},
  volume = {41},
  pages = {327--338},
  issn = {1000-6893},
  url = {https://kns.cnki.net/kcms/detail/detail.aspx?dbcode=CJFD&dbname=CJFDLAST2020&filename=HKXB202010026&v=H33nFWoKPiMVe8lDuZG26q9EEFHrc40qK0CS6t2FdhaWKR8ppb9it6SMeovM2l8e},
  urldate = {2020-12-02},
  langid = {中文;},
  number = {10}
}

@article{MengChaoHeng_,
  title = {涵道风扇式无人机的优先级控制分配},
  author = {蒙超恒 and 裴海龙 and 程子欢},
  journaltitle = {航空学报},
  pages = {1--14},
  issn = {1000-6893},
  langid = {中文}
}

@article{Meshcheryakov_2019,
  title = {An Application of Swarm of Quadcopters for Searching Operations},
  author = {Meshcheryakov, R.V. and Trefilov, P.M. and Chekhov, A.V. and Diane, S.A.K and Rusakov, K.D. and Lesiv, E.A. and Kolodochka, M.A. and Shchukin, K.O. and Novoselskiy, A.K. and Goncharova, E.},
  date = {2019},
  journaltitle = {IFAC-PapersOnLine},
  shortjournal = {IFAC-PapersOnLine},
  volume = {52},
  pages = {14--18},
  issn = {24058963},
  url = {https://linkinghub.elsevier.com/retrieve/pii/S2405896319323468},
  urldate = {2020-07-26},
  langid = {english},
  number = {25}
}

@article{Michael_2010,
  title = {The Grasp Multiple Micro-Uav Testbed},
  author = {Michael, Nathan and Mellinger, Daniel and Lindsey, Quentin and Kumar, Vijay},
  date = {2010},
  journaltitle = {IEEE Robotics \& Automation Magazine},
  volume = {17},
  pages = {56--65},
  publisher = {{IEEE}},
  number = {3}
}

@article{Muehlebach_2017,
  title = {The {{Flying Platform}} – {{A}} Testbed for Ducted Fan Actuation and Control Design},
  author = {Muehlebach, Michael and D’Andrea, Raffaello},
  date = {2017-04-01},
  journaltitle = {Mechatronics},
  shortjournal = {Mechatronics},
  volume = {42},
  pages = {52--68},
  issn = {0957-4158},
  url = {http://www.sciencedirect.com/science/article/pii/S0957415817300016},
  urldate = {2020-06-06},
  langid = {english}
}

@inproceedings{Mullens_2004,
  title = {Automated Launch, Recovery, and Refueling for Small Unmanned Aerial Vehicles},
  booktitle = {Mobile {{Robots XVII}}},
  author = {Mullens, Katherine and Burmeister, Aaron and Wills, Mike and Stroumtsos, Nicholas and Denewiler, Thomas and Thomas, Kari and Stancliff, Stephen},
  date = {2004},
  volume = {5609},
  pages = {233--243},
  publisher = {{International Society for Optics and Photonics}},
  location = {{Philadelphia}}
}

@article{Naldi_2010,
  ids = {naldiDesignExperimentalValidation2010,naldiDesignExperimentalValidation2010b},
  title = {Design and Experimental Validation of a Nonlinear Control Law for a Ducted-Fan Miniature Aerial Vehicle},
  author = {Naldi, Roberto and Gentili, Luca and Marconi, Lorenzo and Sala, Andrea},
  date = {2010},
  journaltitle = {Control Engineering Practice},
  volume = {18},
  pages = {747--760},
  issn = {09670661},
  number = {7}
}

@article{Naldi_2010a,
  title = {Design and Experimental Validation of a Nonlinear Control Law for a Ducted-Fan Miniature Aerial Vehicle},
  author = {Naldi, Roberto and Gentili, Luca and Marconi, Lorenzo and Sala, Andrea},
  date = {2010},
  journaltitle = {Control Engineering Practice},
  volume = {18},
  pages = {747--760},
  publisher = {{Elsevier}},
  number = {7}
}

@inproceedings{Naldi_2013,
  ids = {naldiModularAerialVehicle2013b},
  title = {A Modular Aerial Vehicle with Redundant Actuation},
  author = {Naldi, Roberto and Ricco, Alessio and Serrani, Andrea and Marconi, Lorenzo},
  date = {2013},
  pages = {1393--1398},
  publisher = {{IEEE}},
  eventtitle = {2013 {{IEEE}}/{{RSJ International Conference}} on {{Intelligent Robots}} and {{Systems}}},
  isbn = {1-4673-6358-8}
}

@inproceedings{Nigro_2019,
  title = {Preliminary Design, Modeling and Control of a Fully Actuated Quadrotor {{UAV}}},
  booktitle = {2019 {{International Conference}} on {{Unmanned Aircraft Systems}} ({{ICUAS}})},
  author = {Nigro, Michelangelo and Pierri, Francesco and Caccavale, Fabrizio},
  date = {2019},
  pages = {1108--1116},
  publisher = {{IEEE}}
}

@incollection{Nocedal_2006,
  title = {Derivative-{{Free Optimization}}},
  author = {Nocedal, Jorge and Wright, Stephen},
  date = {2006}
}

@book{Nocedal_2006a,
  ids = {nocedalNumericalOptimization2006},
  title = {Numerical Optimization},
  author = {Nocedal, Jorge and Wright, Stephen},
  date = {2006},
  publisher = {{Springer Science \& Business Media}},
  isbn = {0-387-40065-6}
}

@inproceedings{Ohanian_2010,
  title = {A {{Compact Method}} for {{Modeling}} the {{Aerodynamics}} of {{Ducted Fan Vehicles}}},
  booktitle = {48th {{AIAA Aerospace Sciences Meeting Including}} the {{New Horizons Forum}} and {{Aerospace Exposition}}},
  author = {Ohanian, Osgar and Gelhausen, Paul and Inman, Daniel},
  date = {2010},
  publisher = {{AIAA}},
  location = {{Orlando, Florida}}
}

@article{Ohanian_2012,
  ids = {ohanianNondimensionalModelingDuctedFan2012,ohanianNondimensionalModelingDuctedFan2012b},
  title = {Nondimensional {{Modeling}} of {{Ducted}}-{{Fan Aerodynamics}}},
  author = {Ohanian, Osgar John and Gelhausen, Paul A. and Inman, Daniel J.},
  date = {2012},
  journaltitle = {Journal of Aircraft},
  volume = {49},
  pages = {126--140},
  issn = {0021-8669 1533-3868},
  number = {1}
}

@inproceedings{Oosedo_2015,
  ids = {oosedoFlightControlSystems2015a},
  title = {Flight Control Systems of a Quad Tilt Rotor Unmanned Aerial Vehicle for a Large Attitude Change},
  author = {Oosedo, Atsushi and Abiko, Satoko and Narasaki, Shota and Kuno, Atsushi and Konno, Atsushi and Uchiyama, Masaru},
  date = {2015},
  pages = {2326--2331},
  publisher = {{IEEE}},
  eventtitle = {2015 {{IEEE International Conference}} on {{Robotics}} and {{Automation}} ({{ICRA}})},
  isbn = {1-4799-6923-0}
}

@article{Oppenheimer_2004,
  ids = {oppenheimerMethodsCompensatingControl2004},
  title = {Methods for Compensating for Control Allocator and Actuator Interactions},
  author = {Oppenheimer, Michael W. and Doman, David B.},
  date = {2004},
  journaltitle = {Journal of Guidance, Control, and Dynamics},
  volume = {27},
  pages = {922--927},
  issn = {0731-5090},
  number = {5}
}

@inproceedings{Oppenheimer_2005,
  ids = {oppenheimerMethodCompensationInteractions2005},
  title = {A Method for Compensation of Interactions between Second-Order Actuators and Control Allocators},
  author = {Oppenheimer, Michael W. and Doman, David B.},
  date = {2005},
  pages = {1--8},
  publisher = {{IEEE}},
  eventtitle = {2005 {{IEEE Aerospace}} Conference},
  isbn = {0-7803-8870-4}
}

@inproceedings{Oppenheimer_2006,
  ids = {oppenheimerControlAllocationOveractuated2006a},
  title = {Control Allocation for Over-Actuated Systems},
  author = {Oppenheimer, Michael W. and Doman, David B. and Bolender, Michael A.},
  date = {2006},
  pages = {1--6},
  publisher = {{IEEE}},
  eventtitle = {2006 14th {{Mediterranean Conference}} on {{Control}} and {{Automation}}},
  isbn = {0-9786720-1-1}
}

@inproceedings{Ozdemir_2009,
  title = {Control of {{Ducted Fan Aircraft Using Redundant Effectors}}},
  author = {Ozdemir, Gurbuz and Horn, Joseph},
  date = {2009},
  eventtitle = {{{AIAA Atmospheric Flight Mechanics Conference}}}
}

@inproceedings{Page_2002,
  ids = {pageHighfidelitySimulationTesting2002},
  title = {High-Fidelity Simulation Testing of Control Allocation Methods},
  author = {Page, Anthony and Steinberg, Marc},
  date = {2002},
  pages = {4547},
  eventtitle = {{{AIAA Guidance}}, {{Navigation}}, and {{Control Conference}} and {{Exhibit}}}
}

@article{Peddle_2009,
  ids = {peddlePracticalHoverFlight2009,peddlePracticalHoverFlight2009b},
  title = {Practical near Hover Flight Control of a Ducted Fan ({{SLADe}})},
  author = {Peddle, Iain K. and Jones, Thomas and Treurnicht, Johann},
  date = {2009},
  journaltitle = {Control Engineering Practice},
  volume = {17},
  pages = {48--58},
  issn = {09670661},
  number = {1}
}

@thesis{PengCheng_2015,
  title = {共轴八旋翼无人飞行器姿态与航迹跟踪控制研究},
  author = {彭程},
  date = {2015},
  institution = {{吉林大学}},
  langid = {中文;}
}

@thesis{PengShengMing_2011,
  title = {机器人控制系统建模及运动规划研究},
  author = {彭圣明},
  date = {2011},
  institution = {{华南理工大学}},
  langid = {中文;}
}

@article{Petersen_2002,
  ids = {petersenFastImplementationDirect2002,petersenFastImplementationDirect2002b},
  title = {Fast {{Implementation}} of {{Direct Allocation}} with {{Extension}} to {{Coplanar Controls}}},
  author = {Petersen, John A. M. and Bodson, Marc},
  date = {2002},
  journaltitle = {Journal of Guidance, Control, and Dynamics},
  volume = {25},
  pages = {464--473},
  issn = {0731-5090 1533-3884},
  number = {3}
}

@article{Petersen_2006,
  ids = {petersenConstrainedQuadraticProgramming2006,petersenConstrainedQuadraticProgramming2006b},
  title = {Constrained Quadratic Programming Techniques for Control Allocation},
  author = {Petersen, J. A. M. and Bodson, M.},
  date = {2006},
  journaltitle = {IEEE Transactions on Control Systems Technology},
  volume = {14},
  pages = {91--98},
  issn = {1063-6536},
  number = {1}
}

@article{Pflimlin_2006,
  ids = {pflimlinPositionControlAttitude2006,pflimlinPositionControlAttitude2006b},
  title = {Position {{Control}} and {{Attitude Stabilization}} of a {{Ducted Fan Vtol Uav}} in {{Crosswind}}},
  author = {Pflimlin, Jean Michel and Souères, Philippe and Hamel, Tarek and Mahony, Robert},
  date = {2006},
  journaltitle = {IFAC Proceedings Volumes},
  volume = {39},
  pages = {524--529},
  issn = {14746670},
  number = {15}
}

@inproceedings{Pflimlin_2007,
  ids = {pflimlinAerodynamicModelingPractical2007},
  title = {Aerodynamic Modeling and Practical Attitude Stabilization of a Ducted Fan Uav},
  booktitle = {2007 {{European Control Conference}} ({{ECC}})},
  author = {Pflimlin, Jean Michel and Binetti, Paolo and Trouchet, Daniel and Soueres, Philippe and Hamel, Tarek},
  date = {2007},
  pages = {4023--4029},
  publisher = {{IEEE}},
  location = {{Kos, Greece}},
  isbn = {3-9524173-8-6}
}

@article{Pflimlin_2007a,
  ids = {pflimlinPositionControlDucted2007,pflimlinPositionControlDucted2007b},
  title = {Position Control of a Ducted Fan {{VTOL UAV}} in Crosswind},
  author = {Pflimlin, J. M. and Soueres, P. and Hamel, T.},
  date = {2007},
  journaltitle = {International Journal of Control},
  volume = {80},
  pages = {666--683},
  issn = {0020-7179 1366-5820},
  number = {5}
}

@article{Pflimlin_2010,
  title = {Modeling and Attitude Control Analysis of a Ducted-Fan Micro Aerial Vehicle},
  author = {Pflimlin, J.-M. and Binetti, P. and Soueres, P. and Hamel, T. and Trouchet, D.},
  date = {2010},
  journaltitle = {Control Engineering Practice},
  volume = {18},
  pages = {209--218},
  publisher = {{Elsevier}},
  number = {3}
}

@inproceedings{Rajappa_2015,
  ids = {rajappaModelingControlDesign2015a},
  title = {Modeling, Control and Design Optimization for a Fully-Actuated Hexarotor Aerial Vehicle with Tilted Propellers},
  author = {Rajappa, Sujit and Ryll, Markus and Bülthoff, Heinrich H. and Franchi, Antonio},
  date = {2015},
  pages = {4006--4013},
  publisher = {{IEEE}},
  eventtitle = {2015 {{IEEE}} International Conference on Robotics and Automation ({{ICRA}})},
  isbn = {1-4799-6923-0}
}

@article{Rashad_2019,
  title = {Port-{{Hamiltonian}} Passivity-Based Control on {{SE}} (3) of a Fully Actuated {{UAV}} for Aerial Physical Interaction near-Hovering},
  author = {Rashad, Ramy and Califano, Federico and Stramigioli, Stefano},
  date = {2019},
  journaltitle = {IEEE Robotics and automation letters},
  volume = {4},
  pages = {4378--4385},
  publisher = {{IEEE}},
  number = {4}
}

@article{Reiner_1996,
  title = {Flight Control Design Using Robust Dynamic Inversion and Time-Scale Separation},
  author = {Reiner, Jacob and Balas, Gary J. and Garrard, William L.},
  date = {1996},
  journaltitle = {Automatica},
  volume = {32},
  pages = {1493--1504},
  publisher = {{Elsevier}},
  number = {11}
}

@book{Remple_2006,
  title = {Aircraft and {{Rotorcraft System Identification}}: {{Engineering Methods With Flight}}-{{Test Examples}}},
  shorttitle = {Aircraft and {{Rotorcraft System Identification}}},
  author = {Remple, Robert K. and Tischler, Mark B.},
  date = {2006-01},
  publisher = {{American Institute of Aeronautics and Astronautics}},
  location = {{Reston ,VA}},
  url = {http://arc.aiaa.org/doi/book/10.2514/4.861352},
  urldate = {2020-09-23},
  isbn = {978-1-56347-837-6 978-1-60086-135-2},
  langid = {english}
}

@book{Remple_2006a,
  title = {Aircraft and {{Rotorcraft System Identification}}: {{Engineering Methods With Flight}}-{{Test Examples}}},
  shorttitle = {Aircraft and {{Rotorcraft System Identification}}},
  author = {Remple, Robert K. and Tischler, Mark B.},
  date = {2006-01},
  publisher = {{American Institute of Aeronautics and Astronautics}},
  location = {{Reston ,VA}},
  url = {http://arc.aiaa.org/doi/book/10.2514/4.861352},
  urldate = {2020-09-23},
  isbn = {978-1-56347-837-6 978-1-60086-135-2},
  langid = {english}
}

@article{Ren_2014,
  title = {Robust-{{Stability Controller Design}} for a {{Ducted Fan Unmanned Aerial Vehicle}}},
  author = {Ren, Xiao-lu and Wang, Chang-hong and Yi, Guo-xing},
  date = {2014},
  journaltitle = {Mathematical Problems in Engineering},
  volume = {2014},
  publisher = {{Hindawi}}
}

@article{Renduchintala_2019,
  title = {A Comprehensive Micro Unmanned Aerial Vehicle ({{UAV}}/{{Drone}}) Forensic Framework},
  author = {Renduchintala, Ankit and Jahan, Farha and Khanna, Raghav and Javaid, Ahmad Y.},
  date = {2019},
  journaltitle = {Digital Investigation},
  volume = {30},
  pages = {52--72},
  publisher = {{Elsevier}}
}

@thesis{RenXiaoLu_2014,
  title = {涵道式无人飞行器建模与控制方法研究},
  author = {任小璐},
  date = {2014},
  institution = {{哈尔滨工业大学}},
  langid = {中文;}
}

@inproceedings{Ridgely_2007,
  ids = {ridgelyDynamicControlAllocation2007},
  title = {Dynamic Control Allocation of a Missile with Tails and Reaction Jets},
  author = {Ridgely, D. and Drake, David and Triplett, Louis and Geise, Cory},
  date = {2007},
  pages = {6671},
  eventtitle = {{{AIAA Guidance}}, {{Navigation}} and {{Control Conference}} and {{Exhibit}}}
}

@article{Roberts_2010,
  title = {Adaptive Position Tracking of {{VTOL UAVs}}},
  author = {Roberts, Andrew and Tayebi, Abdelhamid},
  date = {2010},
  journaltitle = {IEEE Transactions on Robotics},
  volume = {27},
  pages = {129--142},
  publisher = {{IEEE}},
  number = {1}
}

@inproceedings{Robinson_2015,
  title = {Helicopter Hovering Attitude Control Using a Direct Feedthrough Simultaneous State and Disturbance Observer},
  booktitle = {2015 {{IEEE Conference}} on {{Control Applications}} ({{CCA}})},
  author = {Robinson, David Conal and Ryan, Kris and Chung, Hoam},
  date = {2015},
  pages = {633--638},
  publisher = {{IEEE}}
}

@inproceedings{Ryll_2012,
  ids = {ryllModelingControlQuadrotor2012a},
  title = {Modeling and Control of a Quadrotor {{UAV}} with Tilting Propellers},
  author = {Ryll, Markus and Bülthoff, Heinrich H. and Giordano, Paolo Robuffo},
  date = {2012},
  pages = {4606--4613},
  publisher = {{IEEE}},
  eventtitle = {2012 {{IEEE International Conference}} on {{Robotics}} and {{Automation}}},
  isbn = {1-4673-1405-6}
}

@inproceedings{Ryll_2013,
  ids = {ryllFirstFlightTests2013a},
  title = {First Flight Tests for a Quadrotor {{UAV}} with Tilting Propellers},
  author = {Ryll, Markus and Bülthoff, Heinrich H. and Giordano, Paolo Robuffo},
  date = {2013},
  pages = {295--302},
  publisher = {{IEEE}},
  eventtitle = {2013 {{IEEE International Conference}} on {{Robotics}} and {{Automation}}},
  isbn = {1-4673-5643-3}
}

@inproceedings{Ryll_2016,
  ids = {ryllModelingControlFASTHex2016a},
  title = {Modeling and Control of {{FAST}}-{{Hex}}: {{A}} Fully-Actuated by Synchronized-Tilting Hexarotor},
  author = {Ryll, Markus and Bicego, Davide and Franchi, Antonio},
  date = {2016},
  pages = {1689--1694},
  publisher = {{IEEE}},
  eventtitle = {2016 {{IEEE}}/{{RSJ International Conference}} on {{Intelligent Robots}} and {{Systems}} ({{IROS}})},
  isbn = {1-5090-3762-4}
}

@inproceedings{Ryll_2017,
  ids = {ryll6DPhysicalInteraction2017a},
  title = {{{6D}} Physical Interaction with a Fully Actuated Aerial Robot},
  author = {Ryll, Markus and Muscio, Giuseppe and Pierri, Francesco and Cataldi, Elisabetta and Antonelli, Gianluca and Caccavale, Fabrizio and Franchi, Antonio},
  date = {2017},
  pages = {5190--5195},
  publisher = {{IEEE}},
  eventtitle = {2017 {{IEEE International Conference}} on {{Robotics}} and {{Automation}} ({{ICRA}})},
  isbn = {1-5090-4633-X}
}

@inproceedings{Sabet_2019,
  title = {Rollocopter: {{An}} Energy-Aware Hybrid Aerial-Ground Mobility for Extreme Terrains},
  shorttitle = {Rollocopter},
  booktitle = {2019 {{IEEE Aerospace Conference}}},
  author = {Sabet, Sahand and Agha-Mohammadi, Ali-Akbar and Tagliabue, Andrea and Elliott, D. Sawyer and Nikravesh, Parviz E.},
  date = {2019},
  pages = {1--8},
  publisher = {{IEEE}}
}

@article{Saeed_2018,
  title = {A Survey of Hybrid {{Unmanned Aerial Vehicles}}},
  author = {Saeed, Adnan S. and Younes, Ahmad Bani and Cai, Chenxiao and Cai, Guowei},
  date = {2018-04},
  journaltitle = {Progress in Aerospace Sciences},
  shortjournal = {Progress in Aerospace Sciences},
  volume = {98},
  pages = {91--105},
  issn = {03760421},
  url = {https://linkinghub.elsevier.com/retrieve/pii/S0376042117302233},
  urldate = {2020-07-26},
  langid = {english}
}

@inproceedings{Sakaguchi_2019,
  title = {A Novel Quadcopter with a Tilting Frame Using Parallel Link Mechanism},
  booktitle = {2019 {{International Conference}} on {{Unmanned Aircraft Systems}} ({{ICUAS}})},
  author = {Sakaguchi, Akinori and Takimoto, Takashi and Ushio, Toshimitsu},
  date = {2019},
  pages = {674--683},
  publisher = {{IEEE}}
}

@article{Santos_2018,
  title = {Tube-Based {{MPC}} with {{Nonlinear Control}} for {{Load Transportation}} Using a {{UAV}}},
  author = {Santos, Marcelo A. and Ferramosca, Antonio and Raffo, Guilherme V.},
  date = {2018},
  journaltitle = {IFAC-PapersOnLine},
  volume = {51},
  pages = {459--465},
  publisher = {{Elsevier}},
  number = {25}
}

@book{Sastry_2013,
  title = {Nonlinear Systems: Analysis, Stability, and Control},
  shorttitle = {Nonlinear Systems},
  author = {Sastry, Shankar},
  date = {2013},
  volume = {10},
  publisher = {{Springer Science \& Business Media}}
}

@article{Scherer_2000,
  title = {Linear Matrix Inequalities in Control},
  author = {Scherer, Carsten and Weiland, Siep},
  date = {2000},
  journaltitle = {Lecture Notes, Dutch Institute for Systems and Control, Delft, The Netherlands},
  volume = {3},
  number = {2}
}

@article{Scholz_2016,
  ids = {scholzModelBasedControl2016a},
  title = {Model Based Control of a Quadrotor with Tiltable Rotors},
  author = {Scholz, G. and Trommer, G. F.},
  date = {2016},
  journaltitle = {Gyroscopy and Navigation},
  volume = {7},
  pages = {72--81},
  issn = {2075-1087 2075-1109},
  number = {1}
}

@article{Schwartz_2019,
  title = {Model Predictive Control Allocation of an Over-Actuated Electric Vehicle with Single Wheel Actuators},
  author = {Schwartz, Manuel and Siebenrock, Florian and Hohmann, Sören},
  date = {2019},
  journaltitle = {IFAC-PapersOnLine},
  volume = {52},
  pages = {162--169},
  publisher = {{Elsevier}},
  number = {8}
}

@article{Schwartz_2019a,
  title = {Model Predictive Control Allocation of an Over-Actuated Electric Vehicle with Single Wheel Actuators},
  author = {Schwartz, Manuel and Siebenrock, Florian and Hohmann, Sören},
  date = {2019},
  journaltitle = {IFAC-PapersOnLine},
  volume = {52},
  pages = {162--169},
  publisher = {{Elsevier}},
  number = {8}
}

@inproceedings{Shan_2016,
  title = {Controller Design and Experiment of the Ducted-Fan Flying Robot},
  booktitle = {2016 {{IEEE International Conference}} on {{Robotics}} and {{Biomimetics}} ({{ROBIO}})},
  author = {Shan, Shangqiu and Hou, Zhongxi and Wang, Senlin},
  date = {2016},
  pages = {1852--1857},
  publisher = {{IEEE}}
}

@article{Shao_2018,
  ids = {shaoRobustBacksteppingOutput2018,shaoRobustBacksteppingOutput2018b},
  title = {Robust Back-Stepping Output Feedback Trajectory Tracking for Quadrotors via Extended State Observer and Sigmoid Tracking Differentiator},
  author = {Shao, Xingling and Liu, Jun and Wang, Honglun},
  date = {2018},
  journaltitle = {Mechanical Systems and Signal Processing},
  volume = {104},
  pages = {631--647},
  issn = {08883270}
}

@inproceedings{Sharifi_2010,
  title = {Fault Tolerant Control of a Quadrotor {{UAV}} Using Sliding Mode Control},
  booktitle = {2010 {{Conference}} on {{Control}} and {{Fault}}-{{Tolerant Systems}} ({{SysTol}})},
  author = {Sharifi, Farid and Mirzaei, Mostafa and Gordon, Brandon W. and Zhang, Youmin},
  date = {2010},
  pages = {239--244},
  publisher = {{IEEE}}
}

@article{Sharifzadeh_2019,
  ids = {sharifzadehControllerDesignDucted2019},
  title = {Controller {{Design}} for a {{Ducted Fan MAV Using Dynamic Inversion Method}} in {{Lateral Motion}}},
  author = {Sharifzadeh, F.},
  date = {2019},
  journaltitle = {J Modares Mechanical Engineering},
  volume = {19},
  pages = {1559--1571},
  number = {6}
}

@report{Sheldahl_1981,
  title = {Aerodynamic Characteristics of Seven Symmetrical Airfoil Sections through 180-Degree Angle of Attack for Use in Aerodynamic Analysis of Vertical Axis Wind Turbines},
  author = {Sheldahl, R. E. and Klimas, P. C.},
  date = {1981-03-01},
  institution = {{Sandia National Labs., Albuquerque, NM (USA)}},
  url = {https://www.osti.gov/biblio/6548367},
  urldate = {2020-05-27},
  langid = {english},
  number = {SAND-80-2114}
}

@article{Sheng_2015,
  ids = {shengNearHoverAdaptiveAttitude2015,shengNearhoverAdaptiveAttitude2015},
  title = {A Near-Hover Adaptive Attitude Control Strategy of a Ducted Fan Micro Aerial Vehicle with Actuator Dynamics},
  author = {Sheng, Shouzhao and Sun, Chenwu},
  date = {2015},
  journaltitle = {Applied Sciences},
  volume = {5},
  pages = {666--681},
  number = {4}
}

@article{Sheng_2015a,
  title = {A Near-Hover Adaptive Attitude Control Strategy of a Ducted Fan Micro Aerial Vehicle with Actuator Dynamics},
  author = {Sheng, Shouzhao and Sun, Chenwu},
  date = {2015},
  journaltitle = {Applied Sciences},
  volume = {5},
  pages = {666--681},
  publisher = {{Multidisciplinary Digital Publishing Institute}},
  number = {4}
}

@thesis{ShenWenBin_2011,
  title = {高精度卡尔曼滤波研究及其在导航系统中的实现},
  author = {申文斌},
  date = {2011},
  institution = {{华南理工大学}},
  langid = {中文;}
}

@article{Shi_2010,
  ids = {shiResearchAllocationEfficiency2010,shiResearchAllocationEfficiency2010b},
  title = {Research on Allocation Efficiency of the Redistributed Pseudo Inverse Algorithm},
  author = {Shi, JingPing and Zhang, WeiGuo and Li, GuangWen and Liu, XiaoXiong},
  date = {2010},
  journaltitle = {Science China Information Sciences},
  volume = {53},
  pages = {271--277},
  issn = {1674-733X 1869-1919},
  number = {2}
}

@online{Shi_2020,
  title = {Neural-Swarm: {{Decentralized}} Close-Proximity Multirotor Control Using Learned Interactions},
  shorttitle = {Neural-Swarm},
  author = {Shi, Guanya and Hönig, Wolfgang and Yue, Yisong and Chung, Soon-Jo},
  date = {2020},
  archivePrefix = {arXiv},
  eprint = {2003.02992},
  eprinttype = {arxiv}
}

@thesis{ShiChenXi_2008,
  title = {自抗扰控制及控制器参数整定方法的研究},
  author = {石晨曦},
  date = {2008},
  institution = {{江南大学}},
  langid = {中文;}
}

@article{Shin_2011,
  title = {Indoor Hovering Control of Small Ducted-Fan Type {{OAV}} Using Ultrasonic Positioning System},
  author = {Shin, Jinok and Ji, Sanki and Shon, Woonghee and Lee, Hogil and Cho, Kuk and Park, Sangdeok},
  date = {2011},
  journaltitle = {Journal of Intelligent \& Robotic Systems},
  volume = {61},
  pages = {15--27},
  publisher = {{Springer}},
  number = {1-4}
}

@thesis{ShiTengFei_2017,
  title = {基于自抗扰算法的四旋翼无人机抗风性能研究},
  author = {史腾飞},
  date = {2017},
  institution = {{华北电力大学}},
  langid = {中文;}
}

@thesis{ShiYaLin_2014,
  title = {机载激光三维地形成像系统的设计与实现},
  author = {石亚林},
  date = {2014},
  institution = {{华南理工大学}},
  langid = {中文;}
}

@article{Siddhardha_2018,
  ids = {Siddhardha\_2018a},
  title = {A {{Novel Bi}}-Rotor {{Configuration}} and Its {{Control}}},
  author = {Siddhardha, Kedarisetty},
  date = {2018-01-01},
  journaltitle = {IFAC-PapersOnLine},
  shortjournal = {IFAC-PapersOnLine},
  volume = {51},
  pages = {456--461},
  publisher = {{Elsevier}},
  issn = {2405-8963},
  url = {http://www.sciencedirect.com/science/article/pii/S2405896318302404},
  urldate = {2020-06-06},
  langid = {english},
  number = {1},
  series = {5th {{IFAC Conference}} on {{Advances}} in {{Control}} and {{Optimization}} of {{Dynamical Systems ACODS}} 2018}
}

@article{Sieberling_2010,
  ids = {sieberlingRobustFlightControl2010,sieberlingRobustFlightControl2010b},
  title = {Robust {{Flight Control Using Incremental Nonlinear Dynamic Inversion}} and {{Angular Acceleration Prediction}}},
  author = {Sieberling, S. and Chu, Q. P. and Mulder, J. A.},
  date = {2010},
  journaltitle = {Journal of Guidance, Control, and Dynamics},
  volume = {33},
  pages = {1732--1742},
  issn = {0731-5090 1533-3884},
  number = {6}
}

@article{Simplicio_2013,
  ids = {simplicioAccelerationMeasurementsbasedApproach2013,simplicioAccelerationMeasurementsbasedApproach2013b},
  title = {An Acceleration Measurements-Based Approach for Helicopter Nonlinear Flight Control Using {{Incremental Nonlinear Dynamic Inversion}}},
  author = {Simplício, P. and Pavel, M. D. and van Kampen, E. and Chu, Q. P.},
  date = {2013},
  journaltitle = {Control Engineering Practice},
  volume = {21},
  pages = {1065--1077},
  issn = {09670661},
  number = {8},
  options = {useprefix=true}
}

@article{Skjetne_2013,
  ids = {skjetneRecursiveNullspacebasedControl2013,skjetneRecursiveNullspacebasedControl2013b},
  title = {Recursive Nullspace-Based Control Allocation with Strict Prioritization for Marine Craft},
  author = {Skjetne, Roger and Kjerstad, Øivind K.},
  date = {2013},
  journaltitle = {IFAC Proceedings Volumes},
  volume = {46},
  pages = {49--54},
  issn = {14746670},
  number = {33}
}

@book{Slotine_1991,
  title = {Applied Nonlinear Control},
  author = {Slotine, Jean-Jacques E. and Li, Weiping},
  date = {1991},
  volume = {199},
  publisher = {{Prentice hall Englewood Cliffs, NJ}},
  location = {{none}},
  number = {1}
}

@article{Smeur_2016,
  ids = {smeurAdaptiveIncrementalNonlinear2016,smeurAdaptiveIncrementalNonlinear2016b},
  title = {Adaptive {{Incremental Nonlinear Dynamic Inversion}} for {{Attitude Control}} of {{Micro Air Vehicles}}},
  author = {Smeur, Ewoud J. J. and Chu, Qiping and de Croon, Guido C. H. E.},
  date = {2016},
  journaltitle = {Journal of Guidance, Control, and Dynamics},
  volume = {39},
  pages = {450--461},
  issn = {0731-5090 1533-3884},
  number = {3},
  options = {useprefix=true}
}

@inproceedings{Smeur_2017,
  ids = {smeurPrioritizedControlAllocation2017},
  title = {Prioritized Control Allocation for Quadrotors Subject to Saturation},
  booktitle = {International {{Micro Air Vehicle Conference}} and {{Flight Competition}}},
  author = {Smeur, Ewoud and Höppener, Daan and De Wagter, Christophe},
  date = {2017},
  pages = {37--43},
  location = {{Toulouse, France}}
}

@article{Smeur_2018,
  ids = {smeurCascadedIncrementalNonlinear2018,smeurCascadedIncrementalNonlinear2018b},
  title = {Cascaded Incremental Nonlinear Dynamic Inversion for {{MAV}} Disturbance Rejection},
  author = {Smeur, E. J. J. and de Croon, G. C. H. E. and Chu, Q.},
  date = {2018},
  journaltitle = {Control Engineering Practice},
  volume = {73},
  pages = {79--90},
  issn = {09670661},
  options = {useprefix=true}
}

@inproceedings{Smith_1998,
  title = {A Simplified Approach to Nonlinear Dynamic Inversion Based Flight Control},
  author = {Smith, P.},
  date = {1998},
  eventtitle = {23rd {{Atmospheric Flight Mechanics Conference}}}
}

@article{Sola_,
  ids = {Sola\_a},
  title = {Quaternion Kinematics for the Error-State {{KF}}},
  author = {Solà, Joan},
  pages = {67},
  langid = {english}
}

@online{Sola_2017,
  ids = {Sola\_2017a},
  title = {Quaternion Kinematics for the Error-State {{Kalman}} Filter},
  author = {Solà, Joan},
  date = {2017-11-03},
  url = {http://arxiv.org/abs/1711.02508},
  urldate = {2020-09-26},
  archivePrefix = {arXiv},
  eprint = {1711.02508},
  eprinttype = {arxiv},
  langid = {english},
  primaryClass = {cs}
}

@thesis{SongWenRui_2012,
  title = {涵道风扇式微型飞行器气动布局设计与气动特性分析},
  author = {宋文瑞},
  date = {2012},
  institution = {{南京航空航天大学}},
  langid = {中文;}
}

@inproceedings{Spaulding_2005,
  title = {Nonlinear Inversion Control for a Ducted Fan {{UAV}}},
  booktitle = {{{AIAA}} Atmospheric Flight Mechanics Conference and Exhibit},
  author = {Spaulding, Christina and Mansur, Mohammadreza and Tischler, Mark and Hess, Ron and Franklin, James},
  date = {2005},
  pages = {6231}
}

@article{Speck_2013,
  ids = {speckMathematicalModelTwin2013b,speckMathematicalModelTwin2013c},
  title = {A Mathematical Model of a Twin Ducted-Fan Vertical Takeoff and Landing Jetpack},
  author = {Speck, Michael and Buchholz, Jörg and Sellier, Mathieu},
  date = {2013},
  journaltitle = {Proceedings of the Institution of Mechanical Engineers, Part G: Journal of Aerospace Engineering},
  volume = {228},
  pages = {1831--1844},
  issn = {0954-4100 2041-3025},
  number = {10}
}

@thesis{Speck_2013a,
  ids = {speckDesignTheoryDevelopment2013b},
  title = {The {{Design}}, {{Theory}}, and {{Development}} of the {{Flight Envelope}} for a {{Twin}}-{{Ducted}}-{{Fan Jetpack}}},
  author = {Speck, Michael Aldo},
  date = {2013}
}

@book{Stepniewski_2013,
  title = {Rotary-{{Wing Aerodynamics}}},
  author = {Stepniewski, W. Z.},
  date = {2013},
  publisher = {{Courier Corporation}}
}

@book{Stevens_2015,
  ids = {Stevens\_2004},
  title = {Aircraft Control and Simulation: Dynamics, Controls Design, and Autonomous Systems},
  shorttitle = {Aircraft Control and Simulation},
  author = {Stevens, Brian L. and Lewis, Frank L. and Johnson, Eric N.},
  date = {2015},
  publisher = {{John Wiley \& Sons}},
  location = {{none}}
}

@inproceedings{Stiltner_2012,
  title = {Fan Angular Momentum Analysis for Ducted Fan Uavs during Conceptual Design},
  booktitle = {50th {{AIAA Aerospace Sciences Meeting}} Including the {{New Horizons Forum}} and {{Aerospace Exposition}}},
  author = {Stiltner, Brandon and Ohanian, Osgar},
  date = {2012},
  pages = {852},
  publisher = {{AIAA}},
  location = {{Nashville, Tennessee}}
}

@thesis{Straub_2016,
  title = {Instrumentation and {{Control}} of a {{Ducted Fan Unmanned Aerial Vehicle}} in {{Hover Mode}}},
  author = {Straub, Benjamin Preston},
  date = {2016-09-06},
  institution = {{Virginia Tech}},
  url = {https://vtechworks.lib.vt.edu/handle/10919/72889},
  urldate = {2020-05-19},
  annotation = {Accepted: 2016-09-07T08:01:13Z},
  langid = {english}
}

@thesis{SunTaiRen_2011,
  title = {机器人对环境边界的跟踪控制},
  author = {孙太任},
  date = {2011},
  institution = {{华南理工大学}},
  langid = {中文;}
}

@thesis{SunYu_2011,
  title = {小型无人机通信系统的研究与构建},
  author = {孙雨},
  date = {2011},
  institution = {{华南理工大学}},
  langid = {中文;}
}

@thesis{SunYuChuan_2013,
  title = {小型无人直升机飞控系统设计与实现},
  author = {孙豫川},
  date = {2013},
  institution = {{华南理工大学}},
  langid = {中文;}
}

@thesis{SuSiXian_2011,
  title = {自抗扰控制器及其应用研究},
  author = {苏思贤},
  date = {2011},
  institution = {{江南大学}},
  langid = {中文;}
}

@inproceedings{Tal_2018,
  title = {Accurate Tracking of Aggressive Quadrotor Trajectories Using Incremental Nonlinear Dynamic Inversion and Differential Flatness},
  booktitle = {2018 {{IEEE Conference}} on {{Decision}} and {{Control}} ({{CDC}})},
  author = {Tal, Ezra and Karaman, Sertac},
  date = {2018},
  pages = {4282--4288},
  publisher = {{IEEE}}
}

@article{Tamayo_2018,
  title = {Quadrotor {{Input}}-{{Output Linearization}} and {{Cascade Control}}},
  author = {Tamayo, Alejandro J. Malo and Ríos, Cesar A. Villaseñor and Zannatha, Juan Manuel Ibarra and Soto, Santos M. Orozco},
  date = {2018},
  journaltitle = {IFAC-PapersOnLine},
  volume = {51},
  pages = {437--442},
  publisher = {{Elsevier}},
  number = {13}
}

@thesis{TanDongLiang_2016,
  title = {基于双核机制的机载实时图像跟踪系统设计与实现},
  author = {谭栋梁},
  date = {2016},
  institution = {{华南理工大学}},
  langid = {中文;}
}

@thesis{TangMin_2012,
  title = {一种新型旋翼反扭矩系统的数值研究},
  author = {唐敏},
  date = {2012},
  institution = {{南京航空航天大学}},
  langid = {中文;}
}

@inproceedings{Tjonnaas_2006,
  ids = {tjonnaasAdaptiveOptimizingDynamic2006},
  title = {Adaptive Optimizing Dynamic Control Allocation Algorithm for Yaw Stabilization of an Automotive Vehicle Using Brakes},
  author = {Tjonnaas, Johannes and Johansen, Tor Arne},
  date = {2006},
  pages = {1--6},
  publisher = {{IEEE}},
  eventtitle = {2006 14th {{Mediterranean Conference}} on {{Control}} and {{Automation}}},
  isbn = {0-9786720-1-1}
}

@article{Tjonnas_2005,
  ids = {tjonnasOptimizingNonlinearAdaptive2005,tjonnasOptimizingNonlinearAdaptive2005a},
  title = {Optimizing {{Nonlinear Adaptive Control Allocation}}},
  author = {Tjønnås, Johannes and Johansen, Tor A.},
  date = {2005},
  journaltitle = {IFAC Proceedings Volumes},
  volume = {38},
  pages = {1160--1165},
  issn = {14746670},
  number = {1}
}

@inproceedings{Tjonnas_2007,
  ids = {tjonnasOptimizingNonlinearAdaptive2007},
  title = {On Optimizing Nonlinear Adaptive Control Allocation with Actuator Dynamics},
  author = {Tjønnås, Johannes and Johansen, Tor A.},
  date = {2007},
  eventtitle = {7th {{IFAC Symposium}} on {{Nonlinear Control Systems}}, {{Pretoria}}, {{South Africa}}}
}

@inproceedings{Tjonnas_2007a,
  ids = {tjonnasOptimizingAdaptiveControl2007},
  title = {Optimizing Adaptive Control Allocation with Actuator Dynamics},
  author = {Tjonnas, Johannes and Johansen, Tor Arne},
  date = {2007},
  pages = {3780--3785},
  publisher = {{IEEE}},
  eventtitle = {2007 46th {{IEEE Conference}} on {{Decision}} and {{Control}}},
  isbn = {1-4244-1497-0}
}

@article{Tobias_2008,
  title = {Development of Modeling and Simulation Tools for Analysis of Ducted Fan Aircraft},
  author = {Tobias, Eric Luke},
  date = {2008}
}

@inproceedings{Tobias_2008a,
  ids = {tobiasSimulationAnalysisControllability2008b},
  title = {Simulation {{Analysis}} of the {{Controllability}} of a {{Tandem Ducted Fan Aircraft}}},
  author = {Tobias, Eric and Horn, Joseph},
  date = {2008},
  eventtitle = {Aiaa {{Atmospheric Flight Mechanics Conference}} \& {{Exhibit}}}
}

@online{Tognon_2020,
  title = {Physical {{Human}}-{{Robot Interaction}} with a {{Tethered Aerial Vehicle}}: {{Application}} to a {{Force}}-Based {{Human Guiding Problem}}},
  shorttitle = {Physical {{Human}}-{{Robot Interaction}} with a {{Tethered Aerial Vehicle}}},
  author = {Tognon, Marco and Alami, Rachid and Siciliano, Bruno},
  date = {2020},
  archivePrefix = {arXiv},
  eprint = {2005.06760},
  eprinttype = {arxiv}
}

@thesis{TuTianXiang_2010,
  title = {基于SoftDMC的开放式数控系统插补的研究与设计},
  author = {涂天祥},
  date = {2010},
  institution = {{华南理工大学}},
  langid = {中文;}
}

@article{Ullah_2018,
  title = {Disturbance Observer Based Sliding Mode Control for Unmanned Helicopter Hovering Operations in Presence of External Disturbances},
  author = {Ullah, Ihsan and Pei, Hai-Long},
  date = {2018},
  journaltitle = {Incas Bulletin},
  volume = {10},
  pages = {103--118},
  publisher = {{INCAS-National Institute for Aerospace Research" Elie Carafoli"}},
  number = {3}
}

@article{Ullah_2019,
  title = {Sliding Mode Tracking Control for Unmanned Helicopter Using Extended Disturbance Observer},
  author = {Ullah, Ihsan and Pei, Hai-Long},
  date = {2019},
  journaltitle = {Archives of Control Sciences},
  volume = {29}
}

@article{Ullah_2020,
  title = {Fixed {{Time Disturbance Observer Based Sliding Mode Control}} for a {{Miniature Unmanned Helicopter Hover Operations}} in {{Presence}} of {{External Disturbances}}},
  author = {Ullah, Ihsan and Pei, Hai-Long},
  date = {2020},
  journaltitle = {IEEE Access},
  volume = {8},
  pages = {73173--73181},
  publisher = {{IEEE}}
}

@inproceedings{vantVeld_2018,
  title = {Stability and {{Robustness Analysis}} and {{Improvements}} for {{Incremental Nonlinear Dynamic Inversion Control}}},
  author = {van 't Veld, Ronald and Van Kampen, Erik-Jan and Chu, Q. Ping},
  date = {2018},
  eventtitle = {2018 {{AIAA Guidance}}, {{Navigation}}, and {{Control Conference}}},
  options = {useprefix=true}
}

@inproceedings{Venkataraman_2001,
  ids = {venkataramanControlAllocationCompensation2001,venkataramanControlAllocationCompensation2001a,venkataramanControlAllocationCompensation2001b},
  title = {Control Allocation and Compensation for Over-Actuated Systems with Non-Linear Effectors},
  author = {Venkataraman, Ram and Doman, David B.},
  date = {2001},
  volume = {3},
  pages = {1812--1814},
  publisher = {{IEEE}},
  eventtitle = {Proceedings of the 2001 {{American Control Conference}}.({{Cat}}. {{No}}. {{01CH37148}})},
  isbn = {0-7803-6495-3}
}

@inproceedings{Venkataraman_2004,
  ids = {venkataramanNewControlAllocation2004},
  title = {A New Control Allocation Method That Accounts for Effector Dynamics},
  author = {Venkataraman, Ram and Oppenheimer, Michael and Doman, David},
  date = {2004},
  volume = {4},
  pages = {2710--2715},
  publisher = {{IEEE}},
  eventtitle = {2004 {{IEEE Aerospace Conference Proceedings}} ({{IEEE Cat}}. {{No}}. {{04TH8720}})},
  isbn = {0-7803-8155-6}
}

@inproceedings{Vermillion_2007,
  ids = {vermillionModelPredictiveControl2007},
  title = {Model Predictive Control Allocation for Overactuated Systems-Stability and Performance},
  author = {Vermillion, Chris and Sun, Jing and Butts, Ken},
  date = {2007},
  pages = {1251--1256},
  publisher = {{IEEE}},
  eventtitle = {2007 46th {{IEEE Conference}} on {{Decision}} and {{Control}}},
  isbn = {1-4244-1497-0}
}

@inproceedings{Virnig_1994,
  title = {Multivariable Control Allocation and Control Law Conditioning When Control Effectors Limit},
  author = {Virnig, John and Bodden, David},
  date = {1994},
  eventtitle = {Guidance, {{Navigation}}, and {{Control Conference}}}
}

@article{W.C.ArunKishore_2008,
  ids = {kishoreDynamicControlAllocation2008},
  title = {Dynamic {{Control Allocation}} for {{Tracking Time}}-{{Varying Control Demand}}},
  author = {W. C. Arun Kishore and S. Sen and G. Ray and T. K. Ghoshal},
  date = {2008},
  volume = {31},
  pages = {1150--1157},
  number = {4}
}

@inproceedings{Wan_2018,
  title = {Robust and Precise Vehicle Localization Based on Multi-Sensor Fusion in Diverse City Scenes},
  booktitle = {2018 {{IEEE International Conference}} on {{Robotics}} and {{Automation}} ({{ICRA}})},
  author = {Wan, Guowei and Yang, Xiaolong and Cai, Renlan and Li, Hao and Zhou, Yao and Wang, Hao and Song, Shiyu},
  date = {2018},
  pages = {4670--4677},
  publisher = {{IEEE}}
}

@article{Wang_2007,
  title = {Finite-Time-Convergent Differentiator Based on Singular Perturbation Technique},
  author = {Wang, Xinhua and Chen, Zengqiang and Yang, Geng},
  date = {2007},
  journaltitle = {IEEE Transactions on Automatic Control},
  volume = {52},
  pages = {1731--1737},
  publisher = {{IEEE}},
  number = {9}
}

@article{Wang_2012,
  title = {Integrated Optimal Formation Control of Multiple Unmanned Aerial Vehicles},
  author = {Wang, Jianan and Xin, Ming},
  date = {2012},
  journaltitle = {IEEE Transactions on Control Systems Technology},
  volume = {21},
  pages = {1731--1744},
  publisher = {{IEEE}},
  number = {5}
}

@article{Wang_2013,
  title = {Flight Dynamics Modeling of a Small Ducted Fan Aerial Vehicle Based on Parameter Identification},
  author = {Wang, Zhengjie and Liu, Zhijun and Fan, Ningjun and Guo, Meifang},
  date = {2013},
  journaltitle = {Chinese Journal of Aeronautics},
  volume = {26},
  pages = {1439--1448},
  issn = {10009361},
  number = {6}
}

@inproceedings{Wang_2014,
  ids = {wangComprehensiveNonlinearModeling2014b},
  title = {Comprehensive Nonlinear Modeling and Simulation Analysis of a Tandem Ducted Fan Aircraft},
  author = {Wang, Yang and Xiang, Changle and Ma, Yue and Xu, Bin},
  date = {2014},
  pages = {255--261},
  publisher = {{IEEE}},
  eventtitle = {Proceedings of 2014 {{IEEE Chinese Guidance}}, {{Navigation}} and {{Control Conference}}},
  isbn = {1-4799-4699-0}
}

@article{Wang_2016,
  title = {Flight {{Control Development}} and {{Test}} for an {{Unconventional VTOL UAV}}},
  author = {Wang, Yang and Xiang, Changle and Ma, Yue and Xu, Bin},
  date = {2016},
  journaltitle = {Autonomous Vehicle},
  pages = {101},
  publisher = {{BoD–Books on Demand}}
}

@article{Wang_2018,
  ids = {wangRobustAdaptiveFaulttolerant2018b,wangRobustAdaptiveFaulttolerant2018c},
  title = {Robust Adaptive Fault-Tolerant Control of a Tandem Coaxial Ducted Fan Aircraft with Actuator Saturation},
  author = {Wang, Xiaoliang and Xiang, Changle and Najjaran, Homayoun and Xu, Bin},
  date = {2018},
  journaltitle = {Chinese Journal of Aeronautics},
  volume = {31},
  pages = {1298--1310},
  issn = {10009361},
  number = {6}
}

@article{Wang_2018a,
  title = {Robust Adaptive Fault-Tolerant Control of a Tandem Coaxial Ducted Fan Aircraft with Actuator Saturation},
  author = {Wang, Xiaoliang and Xiang, Changle and Najjaran, Homayoun and Xu, Bin},
  date = {2018-06},
  journaltitle = {Chinese Journal of Aeronautics},
  shortjournal = {Chinese Journal of Aeronautics},
  volume = {31},
  pages = {1298--1310},
  issn = {10009361},
  url = {https://linkinghub.elsevier.com/retrieve/pii/S1000936118301109},
  urldate = {2020-07-26},
  langid = {english},
  number = {6}
}

@inproceedings{Wang_2019,
  ids = {wangAdaptiveControlAllocation2019},
  title = {Adaptive {{Control Allocation}} for {{Flight Systems}} with {{Stuck Actuator Failures}}},
  author = {Wang, Man and Yang, Jianying},
  date = {2019},
  pages = {3933--3937},
  publisher = {{IEEE}},
  location = {{Nanchang, China}},
  eventtitle = {2019 {{Chinese Control And Decision Conference}} ({{CCDC}})},
  isbn = {1-72810-106-9}
}

@article{Wang_2019a,
  ids = {wangStabilityAnalysisIncremental2019,wangStabilityAnalysisIncremental2019b},
  title = {Stability {{Analysis}} for {{Incremental Nonlinear Dynamic Inversion Control}}},
  author = {Wang, Xuerui and van Kampen, Erik-Jan and Chu, Qiping and Lu, Peng},
  date = {2019},
  journaltitle = {Journal of Guidance, Control, and Dynamics},
  volume = {42},
  pages = {1116--1129},
  issn = {0731-5090 1533-3884},
  number = {5},
  options = {useprefix=true}
}

@thesis{WangChao_2016,
  title = {自动控制技术在大型垃圾发电厂的应用},
  author = {王超},
  date = {2016},
  institution = {{华南理工大学}},
  langid = {中文;}
}

@thesis{WangFei_2011,
  title = {开放式数控系统中软PLC的开发及应用},
  author = {王飞},
  date = {2011},
  institution = {{华南理工大学}},
  langid = {中文;}
}

@thesis{WangGuangHui_2018,
  title = {自抗扰控制在飞行器姿态控制中的应用研究},
  author = {王光辉},
  date = {2018},
  institution = {{中国航天科技集团公司第一研究院}},
  langid = {中文;}
}

@thesis{WangHongQiang_2009,
  title = {旋翼/涵道风扇式无人直升机飞行控制若干问题研究},
  author = {王宏强},
  date = {2009},
  institution = {{南京航空航天大学}},
  langid = {中文;}
}

@thesis{WangJun_2013,
  title = {高超声速飞行器气动热烧蚀预测与控制研究},
  author = {王俊},
  date = {2013},
  institution = {{华南理工大学}},
  langid = {中文;}
}

@thesis{WangSaiSai_2019,
  title = {基于自抗扰控制的四旋翼无人机飞行控制研究},
  author = {王赛赛},
  date = {2019},
  institution = {{哈尔滨工程大学}},
  langid = {中文;}
}

@thesis{WangShiDi_2011,
  title = {无人机平台火灾探测研究},
  author = {王士迪},
  date = {2011},
  institution = {{华南理工大学}},
  langid = {中文;}
}

@thesis{WangShiHua_2011,
  title = {碟型涵道式无人机总体设计及飞行控制系统理论与仿真研究},
  author = {王世华},
  date = {2011},
  institution = {{复旦大学}},
  langid = {中文;}
}

@thesis{WangSiJia_2010,
  title = {无人机火灾检测平台的设计和构建},
  author = {王思嘉},
  date = {2010},
  institution = {{华南理工大学}},
  langid = {中文;}
}

@article{WangYiYi_,
  title = {二自由度无人直升机的非线性自抗扰姿态控制},
  author = {王怡怡 and 赵志良},
  journaltitle = {自动化学报},
  pages = {1--14},
  issn = {0254-4156},
  langid = {中文}
}

@thesis{WangZhe_2015,
  title = {自抗扰控制理论研究及其在冷轧中的应用},
  author = {王喆},
  date = {2015},
  institution = {{北京科技大学}},
  langid = {中文;}
}

@article{WangZhengjie_2013,
  title = {Flight Dynamics Modeling of a Small Ducted Fan Aerial Vehicle Based on Parameter Identification},
  author = {Wang Zhengjie and Liu Zhijun and Fan Ningjun and Guo Meifang},
  date = {2013},
  journaltitle = {Chinese Journal of Aeronautics}
}

@thesis{WeiChongLing_2012,
  title = {小型无人机视频传输系统的设计与实现},
  author = {韦崇岭},
  date = {2012},
  institution = {{华南理工大学}},
  langid = {中文;}
}

@inproceedings{Weiwei_2014,
  ids = {weiweiDynamicAnalysisCFD2014},
  title = {Dynamic Analysis and {{CFD}} Calculation of a Differential Control Type for Ducted Fan {{UAV}}},
  author = {Weiwei, Feng and Yanxuan, Wu and Yang, Chen and Zhengjie, Wang},
  date = {2014},
  pages = {249--253},
  publisher = {{IEEE}},
  eventtitle = {Proceedings of 2014 {{International Conference}} on {{Modelling}}, {{Identification}} \& {{Control}}},
  isbn = {0-9567157-4-5}
}

@article{Wu_2011,
  title = {Experimental Investigation on Plain Flap Control Characteristics in Slipstream of Small Scale Propeller},
  author = {Wu, Da-Wei and Wang, Liang and Li, Han-Bing and Li, Shu},
  date = {2011},
  journaltitle = {Acta Aerodynamica Sinica},
  volume = {29},
  pages = {567--572},
  publisher = {{Chinese Society of Aerodynamics, P. O. Box 211 Mianyang sichuan China}},
  number = {5}
}

@article{Wu_2016,
  title = {Extended State Observer for Uncertain Lower Triangular Nonlinear Systems Subject to Stochastic Disturbance},
  author = {Wu, Zehao and Guo, Baozhu},
  date = {2016},
  journaltitle = {Control Theory and Technology},
  volume = {14},
  pages = {179--188},
  publisher = {{Springer}},
  number = {3}
}

@thesis{WuWeiFang_2019,
  title = {基于机载LiDAR系统激光点云与图像点云的融合技术},
  author = {吴伟坊},
  date = {2019},
  institution = {{华南理工大学}},
  langid = {中文;}
}

@thesis{WuWenSheng_2012,
  title = {基于小型无人直升机的机载激光雷达数字地形测绘系统与设计与实现},
  author = {吴文升},
  date = {2012},
  institution = {{华南理工大学}},
  langid = {中文;}
}

@thesis{WuYiBin_2013,
  title = {小型无人直升机路径规划设计与实现},
  author = {吴毅彬},
  date = {2013},
  institution = {{华南理工大学}},
  langid = {中文;}
}

@thesis{WuYouQian_2011,
  title = {无人机最优自主起降轨迹规划设计与实现},
  author = {吴友谦},
  date = {2011},
  institution = {{华南理工大学}},
  langid = {中文;}
}

@article{Xiang_2016,
  ids = {xiangRobustFlightControl2016a,xiangRobustFlightControl2016c},
  title = {Robust {{Flight Control Using Nonsmooth Optimization}} for a {{Tandem Ducted Fan Vehicle}}},
  author = {Xiang, Changle and Wang, Yang and Ma, Yue and Xu, Bin},
  date = {2016},
  journaltitle = {Asian Journal of Control},
  volume = {18},
  pages = {1805--1824},
  issn = {15618625},
  number = {5}
}

@thesis{XieJianGuo_2013,
  title = {新型涵道无人飞行器飞行控制策略研究},
  author = {谢建国},
  date = {2013},
  institution = {{南京航空航天大学}},
  langid = {中文;}
}

@thesis{XieJunWen_2019,
  title = {基于双目视觉引导的无人机运动控制},
  author = {谢俊文},
  date = {2019},
  institution = {{华南理工大学}},
  langid = {中文;}
}

@thesis{XieTianLi_2012,
  title = {小型无人机数据链的研究},
  author = {谢天立},
  date = {2012},
  institution = {{华南理工大学}},
  langid = {中文;}
}

@thesis{XingJian_2018,
  title = {自抗扰控制的参数优化及其应用研究},
  author = {邢建},
  date = {2018},
  institution = {{华北电力大学}},
  langid = {中文;}
}

@thesis{XiongGuangYang_2016,
  title = {无人机激光扫描测绘系统检校方法的研究与实现},
  author = {熊光洋},
  date = {2016},
  institution = {{华南理工大学}},
  langid = {中文;}
}

@inproceedings{Xu_2015,
  ids = {xuModellingHoveringControl2015b},
  title = {Modelling and Hovering Control of a Novel Multi-Tandem Ducted Fan Vehicle},
  author = {Xu, Bin and Wang, Xiaoliang and Xiang, Changle and Ma, Yue and Chen, Wanming},
  date = {2015},
  pages = {1346--1354},
  publisher = {{IEEE}},
  eventtitle = {2015 {{International Conference}} on {{Unmanned Aircraft Systems}} ({{ICUAS}})},
  isbn = {1-4799-6010-1}
}

@article{Xu_2017,
  title = {Review of Control Models for Human Pilot Behavior},
  author = {Xu, Shuting and Tan, Wenqian and Efremov, Alexander V. and Sun, Liguo and Qu, Xiangju},
  date = {2017},
  journaltitle = {Annual Reviews in Control},
  volume = {44},
  pages = {274--291},
  publisher = {{Elsevier}}
}

@thesis{XuanJiaYu_2011,
  title = {多传感器数据融合技术在无人机导航系统的研究应用},
  author = {禤家裕},
  date = {2011},
  institution = {{华南理工大学}},
  langid = {中文;}
}

@thesis{XuYanXiang_2018,
  title = {基于嵌入式的立体视觉三维重建系统设计},
  author = {徐燕翔},
  date = {2018},
  institution = {{华南理工大学}},
  langid = {中文;}
}

@article{Yan_2020,
  ids = {Yan\_2020b,yanActuatorDynamicsDynamic2020},
  title = {On the Actuator Dynamics of Dynamic Control Allocation for a Small Fixed-Wing {{UAV}} with Direct Lift Control},
  author = {Yan, Yunda and Yang, Jun and Liu, Cunjia and Coombes, Matthew and Li, Shihua and Chen, Wen-Hua \%J IEEE Transactions on Control Systems Technology},
  date = {2020},
  publisher = {{IEEE}},
  issn = {1063-6536}
}

@article{Yang_2020,
  ids = {yangNewMethodControl2020},
  title = {A {{New Method}} for {{Control Allocation}} of {{Aircraft Flight Control System}}},
  author = {Yang, Yuanchao and Gao, Zichen},
  date = {2020},
  journaltitle = {IEEE Transactions on Automatic Control},
  volume = {65},
  pages = {1413--1428},
  issn = {0018-9286 1558-2523 2334-3303},
  number = {4}
}

@incollection{Yang_2020a,
  title = {Attitude {{Stabilization Control Method}} for {{Quadrotor UAV Based}} on {{ADRC}}},
  booktitle = {Communications, {{Signal Processing}}, and {{Systems}}},
  author = {Yang, Sen and Xi, Leiping and Gong, Guanghong and Dong, Hairui},
  date = {2020},
  pages = {836--844},
  isbn = {978-981-13-6507-2 978-981-13-6508-9},
  series = {Lecture {{Notes}} in {{Electrical Engineering}}}
}

@thesis{YangChao_2014,
  title = {新概念涵道旋翼无人飞行器总体设计技术研究},
  author = {杨超},
  date = {2014},
  institution = {{南京航空航天大学}},
  langid = {中文;}
}

@thesis{YangChengXuan_2014,
  title = {四旋翼飞行器自抗扰控制方法研究},
  author = {杨晟萱},
  date = {2014},
  institution = {{大连理工大学}},
  langid = {中文;}
}

@thesis{YaoDingZhong_2012,
  title = {海量地形点云可视化与处理系统的研发},
  author = {姚定忠},
  date = {2012},
  institution = {{华南理工大学}},
  langid = {中文;}
}

@thesis{YaoTuCai_2019,
  title = {基于UWB定位的四旋翼无人机室内导航与控制研究},
  author = {姚土才},
  date = {2019},
  institution = {{华南理工大学}},
  langid = {中文;}
}

@thesis{YeBo_2018,
  title = {基于线性自抗扰的四旋翼飞行器高度和姿态控制研究},
  author = {叶波},
  date = {2018},
  institution = {{厦门大学}},
  langid = {中文;}
}

@inproceedings{Yoeli_2002,
  ids = {yoeliDuctedFanUtility2002b},
  title = {Ducted Fan Utility Vehicles and Other Flying Cars},
  author = {Yoeli, Rafi},
  date = {2002},
  pages = {5995},
  eventtitle = {2002 {{Biennial International Powered Lift Conference}} and {{Exhibit}}}
}

@inproceedings{You_2019,
  title = {Soldered {{Dots Detection}} of {{Automobile Door Panels}} Based on {{Faster R}}-{{CNN Model}}},
  booktitle = {2019 {{Chinese Control And Decision Conference}} ({{CCDC}})},
  author = {You, Wenjing and Chen, Liding and Mo, Zhimin},
  date = {2019},
  pages = {5314--5318},
  publisher = {{IEEE}}
}

@inproceedings{Yu_2015,
  title = {High Performance Full Attitude Control of a Quadrotor on {{SO}} (3)},
  booktitle = {2015 {{IEEE International Conference}} on {{Robotics}} and {{Automation}} ({{ICRA}})},
  author = {Yu, Yun and Yang, Shuo and Wang, Mingxi and Li, Cheng and Li, Zexiang},
  date = {2015},
  pages = {1698--1703},
  publisher = {{IEEE}},
  location = {{Seattle, WA, USA}}
}

@thesis{YuBaoYi_2013,
  title = {小型无人直升机数据链技术的应用研究},
  author = {余宝意},
  date = {2013},
  institution = {{华南理工大学}},
  langid = {中文;}
}

@thesis{YuYang_2019,
  title = {海岸带水深与速度势函数辨识算法的研究},
  author = {于洋},
  date = {2019},
  institution = {{华南理工大学}},
  langid = {中文;}
}

@inproceedings{Zhang_2018,
  ids = {zhangModelingComprehensiveAnalysis2018b},
  title = {Modeling and {{Comprehensive Analysis}} of an {{Innovative Coaxial Ducted Fan Aircraft}}},
  author = {Zhang, Yibo and Xiang, Changle and Xu, Bin},
  date = {2018},
  pages = {78--85},
  publisher = {{IEEE}},
  eventtitle = {International {{Conference}} on {{Advanced Mechatronic Systems}} ({{ICAMechS}})},
  isbn = {1-5386-7174-3}
}

@article{Zhang_2019,
  title = {自抗扰PID四旋翼飞行器控制方法研究},
  author = {张, 小明 and 于, 纪言 and 王, 坤坤},
  date = {2019},
  journaltitle = {电子技术应用},
  volume = {45},
  pages = {84--87},
  issn = {0258-7998},
  url = {https://kns.cnki.net/KNS8/Detail?sfield=fn&QueryID=0&CurRec=3&recid=&FileName=DZJY201903019&DbName=CJFDLAST2019&DbCode=CJFD&yx=&pr=&URLID=},
  urldate = {2020-12-02},
  langid = {中文;},
  number = {03}
}

@article{Zhang_2019a,
  title = {Development of a Low-Cost Quadrotor {{UAV}} Based on {{ADRC}} for Agricultural Remote Sensing},
  author = {Zhang, Songchao and Xue, Xinyu and Chen, Chen and Sun, Zhu and Sun, Tao},
  date = {2019},
  journaltitle = {International Journal of Agricultural and Biological Engineering},
  volume = {12},
  pages = {82--87},
  issn = {1934-6344},
  number = {4}
}

@article{Zhang_2020,
  title = {Flight and {{Interaction Control}} of an {{Innovative Ducted Fan Aerial Manipulator}}},
  author = {Zhang, Yibo and Xu, Bin and Xiang, Changle and Fan, Wei and Ai, Tianfu},
  date = {2020},
  journaltitle = {Sensors},
  volume = {20},
  pages = {3019},
  publisher = {{Multidisciplinary Digital Publishing Institute}},
  number = {11}
}

@article{Zhang_2020a,
  title = {Flight and {{Interaction Control}} of an {{Innovative Ducted Fan Aerial Manipulator}}},
  author = {Zhang, Yibo and Xu, Bin and Xiang, Changle and Fan, Wei and Ai, Tianfu},
  date = {2020},
  pages = {23},
  langid = {english}
}

@article{Zhang_2020b,
  title = {Review on Ducted Fans for Compound Rotorcraft},
  author = {Zhang, T. and Barakos, G. N.},
  date = {2020},
  journaltitle = {The Aeronautical Journal},
  pages = {1--34},
  issn = {0001-9240 2059-6464}
}

@thesis{ZhangCheng_2016,
  title = {基于小型无人直升机的环境污染区域边界检测与跟踪算法的研究},
  author = {张铖},
  date = {2016},
  institution = {{华南理工大学}},
  langid = {中文;}
}

@thesis{ZhangLiMing_2009,
  title = {自抗扰控制技术在AUV航向控制中的应用},
  author = {张立明},
  date = {2009},
  institution = {{哈尔滨工程大学}},
  langid = {中文;}
}

@thesis{ZhangNing_2012,
  title = {涵道风扇式无人飞行器飞行动力学特性分析及控制研究},
  author = {张宁},
  date = {2012},
  institution = {{南京航空航天大学}},
  langid = {中文;}
}

@thesis{ZhangNing_2012a,
  title = {涵道风扇式无人飞行器飞行动力学特性分析及控制研究},
  author = {张宁},
  date = {2012},
  institution = {{南京航空航天大学}},
  langid = {中文;}
}

@thesis{ZhangQianQian_2013,
  title = {无人机平台上火灾探测系统的搭建},
  author = {张倩倩},
  date = {2013},
  institution = {{华南理工大学}},
  langid = {中文;}
}

@thesis{ZhangQiao_2012,
  title = {涵道风扇无人机设计与研究},
  author = {张桥},
  date = {2012},
  institution = {{东北大学}},
  langid = {中文;}
}

@thesis{ZhangShengXiang_2009,
  title = {基于滚动时域MILP的小型无人机航迹规划},
  author = {张胜祥},
  date = {2009},
  institution = {{华南理工大学}},
  langid = {中文;}
}

@thesis{ZhangXingZhi_2018,
  title = {小型无人直升机飞行控制器参数自寻优},
  author = {张兴志},
  date = {2018},
  institution = {{华南理工大学}},
  langid = {中文;}
}

@thesis{ZhangZhiCheng_2017,
  title = {基于ADRC的四旋翼飞行器自主避障控制系统研究},
  author = {章志诚},
  date = {2017},
  institution = {{浙江大学}},
  langid = {中文;}
}

@thesis{ZhangZiZhen_2018,
  title = {四旋翼飞行器自抗扰控制设计及实现},
  author = {张子振},
  date = {2018},
  institution = {{燕山大学}},
  langid = {中文;}
}

@inproceedings{Zhao_2008,
  title = {Aerodynamic {{Design}} and {{Analysis}} of a {{VTOL Ducted}}-{{Fan UAV}}},
  booktitle = {26th {{AIAA Applied Aerodynamics Conference}}},
  author = {Zhao, Hui and Bil, Cees},
  date = {2008},
  publisher = {{AIAA}},
  location = {{Honolulu, Hawaii}}
}

@article{Zhao_2015,
  title = {Extended State Observer for Uncertain Lower Triangular Nonlinear Systems},
  author = {Zhao, Zhi-Liang and Guo, Bao-Zhu},
  date = {2015},
  journaltitle = {Systems \& Control Letters},
  volume = {85},
  pages = {100--108},
  publisher = {{Elsevier}}
}

@article{Zhao_2015a,
  ids = {Zhao\_2016},
  title = {Modelling and Attitude Control of a Miniature Ducted Fan {{UAV}}},
  author = {Zhao, Hong and Sheng, Shou-Zhao and Li, Jian-Bo and Sun, Chen-Wu},
  date = {2015},
  journaltitle = {Proceedings of the Institution of Mechanical Engineers, Part G: Journal of Aerospace Engineering},
  volume = {230},
  pages = {953--964},
  publisher = {{SAGE Publications Sage UK: London, England}},
  issn = {0954-4100 2041-3025},
  number = {5}
}

@article{Zhao_2015b,
  title = {Nonlinear Robust Sliding Mode Control of a Quadrotor Unmanned Aerial Vehicle Based on Immersion and Invariance Method},
  author = {Zhao, Bo and Xian, Bin and Zhang, Yao and Zhang, Xu},
  date = {2015},
  journaltitle = {International Journal of Robust and Nonlinear Control},
  volume = {25},
  pages = {3714--3731},
  publisher = {{Wiley Online Library}},
  number = {18}
}

@article{Zhao_2015c,
  title = {On Active Disturbance Rejection Control for Nonlinear Systems Using Time-Varying Gain},
  author = {Zhao, Zhi-Liang and Guo, Bao-Zhu},
  date = {2015},
  journaltitle = {European Journal of Control},
  volume = {23},
  pages = {62--70},
  publisher = {{Elsevier}}
}

@article{Zhao_2016,
  title = {Active Disturbance Rejection Control Approach to Stabilization of Lower Triangular Systems with Uncertainty},
  author = {Zhao, Zhi-Liang and Guo, Bao-Zhu},
  date = {2016},
  journaltitle = {International Journal of Robust and Nonlinear Control},
  volume = {26},
  pages = {2314--2337},
  publisher = {{Wiley Online Library}},
  number = {11}
}

@article{Zhao_2016a,
  ids = {Zhao\_2016b,Zhao\_2016c},
  title = {On Convergence of Nonlinear Active Disturbance Rejection Control for {{SISO}} Nonlinear Systems},
  author = {Zhao, Zhi-Liang and Guo, Bao-Zhu},
  date = {2016},
  journaltitle = {Journal of Dynamical and Control Systems},
  volume = {22},
  pages = {385--412},
  publisher = {{Springer}},
  number = {2}
}

@inproceedings{Zhao_2016b,
  title = {On Convergence of Nonlinear Extended Stated Observers with Switching Functions},
  booktitle = {2016 35th {{Chinese Control Conference}} ({{CCC}})},
  author = {Zhao, Zhi-Liang and Guo, Bao-Zhu},
  date = {2016},
  pages = {664--669},
  publisher = {{IEEE}},
  location = {{Chengdu, China}}
}

@inproceedings{Zhao_2017,
  title = {A New Extended State Observer for Output Tracking of Nonlinear {{MIMO}} Systems},
  booktitle = {2017 {{IEEE}} 56th {{Annual Conference}} on {{Decision}} and {{Control}} ({{CDC}})},
  author = {Zhao, Zhi-Liang and Guo, Bao-Zhu and Jiang, Zhong-Ping},
  date = {2017},
  pages = {6732--6737},
  publisher = {{IEEE}}
}

@article{Zhao_2017a,
  title = {A Nonlinear Extended State Observer Based on Fractional Power Functions},
  author = {Zhao, Zhi-Liang and Guo, Bao-Zhu},
  date = {2017},
  journaltitle = {Automatica},
  volume = {81},
  pages = {286--296},
  publisher = {{Elsevier}}
}

@article{Zhao_2017b,
  title = {A Novel Extended State Observer for Output Tracking of {{MIMO}} Systems with Mismatched Uncertainty},
  author = {Zhao, Zhi-Liang and Guo, Bao-Zhu},
  date = {2017},
  journaltitle = {IEEE Transactions on Automatic Control},
  volume = {63},
  pages = {211--218},
  publisher = {{IEEE}},
  number = {1}
}

@article{Zhao_2018,
  title = {Finite-Time Output Feedback Stabilization of Lower-Triangular Nonlinear Systems},
  author = {Zhao, Zhi-Liang and Jiang, Zhong-Ping},
  date = {2018},
  journaltitle = {Automatica},
  volume = {96},
  pages = {259--269},
  publisher = {{Elsevier}}
}

@article{Zhao_2018a,
  title = {Semi-Global Finite-Time Output-Feedback Stabilization with an Application to Robotics},
  author = {Zhao, Zhi-Liang and Jiang, Zhong-Ping},
  date = {2018},
  journaltitle = {IEEE Transactions on Industrial Electronics},
  volume = {66},
  pages = {3148--3156},
  publisher = {{IEEE}},
  number = {4}
}

@thesis{ZhaoHaiXiang_2013,
  title = {自抗扰控制器的优化设计与应用},
  author = {赵海香},
  date = {2013},
  institution = {{哈尔滨工业大学}},
  langid = {中文;}
}

@thesis{ZhaoHongLiang_2009,
  title = {小型涵道式无人机控制系统设计实现},
  author = {赵洪亮},
  date = {2009},
  institution = {{哈尔滨工业大学}},
  langid = {中文;}
}

@thesis{ZhaoLei_2018,
  title = {基于单神经元的船舶航向保持自适应PID控制},
  author = {赵垒},
  date = {2018},
  institution = {{华南理工大学}},
  langid = {中文;}
}

@thesis{ZhaoSongTao_2015,
  title = {小型无人直升机发动机控制系统研究与设计},
  author = {赵松涛},
  date = {2015},
  institution = {{华南理工大学}},
  langid = {中文;}
}

@thesis{ZhaoYunJi_2012,
  title = {基于视觉的目标跟踪算法研究},
  author = {赵运基},
  date = {2012},
  institution = {{华南理工大学}},
  langid = {中文;}
}

@thesis{ZhaoZhiLiang_2012,
  title = {非线性自抗扰控制的收敛性},
  author = {赵志良},
  date = {2012},
  institution = {{中国科学技术大学}},
  langid = {中文;}
}

@inproceedings{Zheng_2007,
  title = {On Stability Analysis of Active Disturbance Rejection Control for Nonlinear Time-Varying Plants with Unknown Dynamics},
  booktitle = {2007 46th {{IEEE}} Conference on Decision and Control},
  author = {Zheng, Qing and Gaol, Linda Q. and Gao, Zhiqiang},
  date = {2007},
  pages = {3501--3506},
  publisher = {{IEEE}}
}

@thesis{ZhengEnBin_2011,
  title = {三维空间信息系统中数字高程模型设计与实现},
  author = {郑恩斌},
  date = {2011},
  institution = {{华南理工大学}},
  langid = {中文;}
}

@article{Zhengjie_2013,
  title = {Flight Dynamics Modeling of a Small Ducted Fan Aerial Vehicle Based on Parameter Identification},
  author = {Zhengjie, Wang and Zhijun, Liu and Ningjun, Fan and Meifang, Guo},
  date = {2013},
  journaltitle = {Chinese Journal of Aeronautics}
}

@thesis{ZhengLieXin_2016,
  title = {水面无人艇建模与运动控制系统设计},
  author = {郑烈心},
  date = {2016},
  institution = {{华南理工大学}},
  langid = {中文;}
}

@thesis{ZhengLiQiang_2016,
  title = {基于自抗扰控制的小型无人直升机高度控制的研究与应用},
  author = {郑立强},
  date = {2016},
  institution = {{华南理工大学}},
  langid = {中文;}
}

@thesis{ZhengZhenCheng_2018,
  title = {小型无人机云台控制系统的设计与实现},
  author = {郑镇城},
  date = {2018},
  institution = {{华南理工大学}},
  langid = {中文;}
}

@article{Zhong_2019,
  title = {A Model-Based Flight Qualities Evaluation Approach for Civil Aircraft},
  author = {Zhong, Lunlong and Qu, Zhongjun and Mora-Camino, Félix},
  date = {2019},
  journaltitle = {Concurrency and Computation: Practice and Experience},
  volume = {31},
  pages = {e4723},
  publisher = {{Wiley Online Library}},
  number = {10}
}

@thesis{ZhouHongBo_2011,
  title = {小型无人直升机的建模与控制器设计},
  author = {周洪波},
  date = {2011},
  institution = {{华南理工大学}},
  langid = {中文;}
}

@thesis{ZhuangZhaoDian_2018,
  title = {基于激光扫描的高精度曲面构建与等值面生成},
  author = {庄兆殿},
  date = {2018},
  institution = {{华南理工大学}},
  langid = {中文;}
}

@thesis{ZhuJiaYuan_2019,
  title = {移动机器人自抗扰控制技术研究},
  author = {朱家远},
  date = {2019},
  institution = {{南京航空航天大学}},
  langid = {中文;}
}

@thesis{ZouYu_2010,
  title = {基于CIFER的小型无人直升机系统频域辨识},
  author = {邹瑜},
  date = {2010},
  institution = {{华南理工大学}},
  langid = {中文;}
}


